2917 4967
1439 418 1533 491 26

545 663 744 743 tinus,
793 674 894 725 »et
932 656 1062 723 acri
1097 654 1352 746 ingenio
1391 667 1456 721 et
1478 656 1663 723 uberi
1698 658 2022 747 el'oquio,”
2069 666 2179 751 qui
2212 668 2462 757 scriptis

543 783 668 847 suis
746 780 1150 869 praecipuam
1211 774 1683 843 Donatistarum
1751 776 2105 847 doctrinam
2174 784 2465 853 refellere

544 898 896 966 videbatur.
987 896 1152 959 Nam
1165 941 1184 977 ‚
1231 908 1306 957 ut
1342 894 1548 959 verbis
1585 909 1731 959 utar
1770 898 2103 989 Augustini
2132 904 2465 970 »omnihus

543 1032 896 1084 sanctamm
919 1012 1290 1102 paginarum
1309 1010 1571 1075 vocibus
1592 1012 1997 1081 circumtusus
2020 1017 2369 1109 evigilavit,
2398 1036 2465 1087 et

545 1134 706 1203 vidit
745 1131 1090 1198 Ecclesiam
1131 1128 1252 1195 Dei
1295 1142 1436 1193 toto
1477 1130 1637 1195 orbe
1674 1128 1964 1199 diffusam
1980 1180 1999 1217 ,
2046 1134 2210 1201 sicut
2244 1134 2327 1201 de
2354 1137 2466 1203 illa

543 1270 724 1320 tanto
753 1266 898 1315 ante
920 1270 1038 1339 per
1061 1246 1257 1313 corda
1281 1262 1347 1313 et
1376 1270 1493 1313 ora
1510 1263 1871 1315 sanctorum
1894 1252 2251 1339 praevisum
2272 1270 2467 1343 atque

546 1368 935 1463 praedictum
979 1365 1130 1433 est.”
1219 1366 1360 1430 Hac
1400 1380 1608 1430 autem
1650 1364 1731 1431 de
1774 1390 1843 1433 re
1879 1390 2209 1457 persuasus
2243 1388 2469 1439 contra

545 1487 904 1567 Donatistas
939 1506 1209 1551 asserere
1241 1483 1543 1549 instituit:
1590 1484 1858 1549 munius
1880 1486 2154 1553 hominis
2186 1491 2468 1576 quamvis

546 1607 917 1674 sceleratum
946 1620 1011 1669 et
1031 1604 1308 1669 immane
1331 1616 1662 1690 peccatum
1690 1605 2118 1691 praescribere
2148 1608 2471 1696 promissis

547 1726 668 1791 Dei
686 1774 705 1810 ‚
751 1746 872 1789 nec
908 1720 978 1785 id
1007 1742 1190 1813 agere
1215 1718 1641 1808 quorumlibet
1668 1720 1835 1787 intra
1862 1722 2211 1788 Ecclesiam
2245 1726 2473 1789 consti·

546 1858 828 1908 tutorum
850 1838 1199 1928 quamlibet
1216 1837 1637 1925 impietatem,
1664 1852 1737 1902 ut
1760 1836 1915 1905 fides
1938 1840 2061 1905 Dei
2081 1839 2163 1906 de
2187 1842 2471 1910 Ecclesia

548 1960 760 2025 futura
805 1972 871 2022 et
910 1952 1318 2019 diffundenda
1341 1976 1540 2042 usque
1576 1952 1659 2020 ad
1686 1957 1989 2026 terminos
2022 1960 2195 2023 orbis
2223 1975 2428 2025 terrae
2442 2007 2465 2041 ‚
2590 2020 2597 2025 ,

549 2100 712 2167 quae
737 2078 804 2139 in
835 2072 1151 2165 promissis
1175 2072 1433 2136 Patrum
1466 2086 1711 2138 retenta
1738 2088 1803 2138 et
1831 2074 2001 2139 nunc
2032 2076 2309 2141 exhibita
2336 2090 2431 2142 est
2444 2124 2467 2161 ,

548 2189 938 2271 evacuetur”.
997 2188 1133 2253 Nec
1151 2202 1364 2252 tamen
1383 2188 1589 2253 virum
1604 2188 1783 2255 illum
1809 2190 2317 2259 animadvertisse
2331 2242 2351 2276 ,
2380 2192 2469 2259 di·

553 2312 640 2377 cit
665 2306 1040 2399 Augustinus
1057 2352 1076 2389 ,
1109 2326 1187 2369 ex
1211 2305 1342 2389 ejus
1371 2302 1725 2393 disputandi
1754 2308 2000 2375 ratione
2022 2311 2198 2399 sequi
2214 2359 2233 2395 ‚
2268 2312 2470 2383 Chris·

550 2430 756 2493 tianos
773 2427 842 2491 in
857 2423 1071 2489 Africa
1094 2418 1177 2487 ad
1191 2422 1537 2487 Ecclesiam
1558 2446 1675 2513 per
1692 2438 1898 2490 totum
1916 2441 2227 2493 terrarum
2245 2429 2467 2495 orbem

550 2544 843 2611 diffusam
864 2540 1198 2631 pertinere.
1289 2538 1436 2604 Hoc
1466 2554 1677 2605 tamen
1710 2544 2091 2631 perspexisse
2116 2544 2473 2610 Parmenis-

553 2686 709 2729 num
732 2676 1094 2746 ceterosque
1109 2658 1469 2721 Donatistas
1483 2703 1502 2740 ,
1532 2658 1833 2748 illumque
1845 2659 2114 2749 proinde
2138 2660 2221 2727 ad
2238 2664 2469 2729 Ticho-

554 2781 729 2845 nium
743 2827 761 2861 ,
790 2794 864 2844 ut
892 2780 1120 2842 erroris
1139 2798 1284 2840 eum
1303 2776 1709 2842 convinceret
1724 2825 1744 2859 ,
1779 2778 1955 2843 illam
1974 2780 2287 2869 scripsisse
2311 2782 2469 2870 epis-

553 2898 774 2961 tolam.
865 2892 1035 2957 Huic
1091 2892 1282 2981 igitur
1340 2894 1672 2981 epistolae,
1734 2898 2089 2983 petentibus
2134 2898 2429 2963 fratribus
2444 2946 2464 2982 ,

551 3028 808 3077 mortuo
825 3012 958 3095 jam
991 3008 1440 3091 Parmeniano,
1488 3011 1615 3075 hoc
1644 3034 1838 3100 opere
1864 3014 2204 3104 respondet
2226 3019 2468 3108 Augus-

541 3130 706 3193 tinus
739 3124 858 3215 (1).

643 3246 838 3309 Libro
883 3253 962 3307 1⁰.
1015 3254 1268 3305 amovet
1301 3264 1338 3306 a
1371 3242 1711 3309 Catholicis
1737 3248 1941 3313 varias
1968 3251 2431 3319 criminationes
2446 3301 2467 3335 ‚

559 3364 784 3452 quibus
804 3358 1251 3425 Parmenianus
1281 3382 1389 3425 eos
1415 3363 1722 3451 petiverat
1740 3364 2001 3455 illasque
2021 3368 2089 3433 in
2113 3370 2472 3437 Donatistas

558 3478 851 3545 transfert
867 3524 886 3560 ,
922 3475 1228 3566 originem
1252 3500 1327 3544 ac
1351 3500 1748 3569 progressum
1772 3482 2115 3551 schismatis
2128 3534 2147 3569 ,
2182 3486 2356 3576 quod
2378 3488 2474 3553 illi

560 3596 932 3676 effecerant,
980 3616 1334 3660 memorans
1373 3596 1446 3661 C.
1487 3620 1621 3683 2·9.
1659 3598 1720 3662 A
1750 3600 1906 3689 Cap.
1952 3602 2261 3690 ro·13jus
2291 3604 2471 3670 Prin·

563 3714 718 3803 cipis
763 3712 1187 3777 schismaticos
1235 3728 1342 3777 aut
1394 3713 1743 3781 haereticos
1804 3717 2108 3810 puniendi
2162 3718 2462 3799 defendit.

621 4009 702 4076 (ι)
733 4010 811 4059 cr.
841 4008 1056 4143 tuggo-t.
1087 4008 1195 4060 ιῑι».
1230 4008 1255 4057 1
1285 4026 1334 4063 ο.
1374 4026 1454 4076 ep.
1494 4009 1661 4065 Pam.
1694 4010 1717 4077 ς
1760 4012 1806 4066 1.
1846 4014 2005 4082 Epi-t.
2044 4016 2113 4067 os
2148 4017 2172 4083 ς
2210 4016 2279 4069 44
2310 4018 2366 4073 r.
2405 4018 2479 4071 11.

739 4100 792 4159 p.
827 4093 850 4141 1
927 4126 942 4141 .
