2917 4967
1381 348 1424 417 9

543 587 642 653 De
671 583 994 675 Augustini
1018 580 1364 647 eruditione
1401 580 1575 646 varia
1602 596 1747 645 sunt
1772 586 2087 649 variorum
2102 583 2359 672 judicia.

443 704 581 770 Nec
617 720 828 769 tamen
866 700 1002 788 quis
1017 746 1038 782 ,
1096 698 1150 764 si
1191 714 1549 787 temporum
1562 744 1583 780 ,
1630 720 1791 785 quae
1820 700 1971 763 vixit
1992 747 2011 783 ,
2055 700 2365 767 rationem

445 821 702 901 habeat,
751 839 1043 907 magnam
1075 838 1216 881 eam
1243 814 1429 881 fuisse
1483 815 1774 905 negahit;
1822 833 1929 881 aut
1944 865 1963 900 ,
2012 819 2179 906 quin·
2202 820 2369 887 inter

447 936 840 1003 doctissimos
860 932 1179 1001 Ecclesiae
1205 932 1460 997 Latinae
1484 932 1699 998 Patres
1736 934 1817 997 sit
1840 934 2367 1019 referendus,‚du-

445 1054 692 1121 hitahit.
785 1049 1098 1140 Imprimis
1138 1050 1227 1114 sic
1259 1047 1601 1135 judicabit,
1650 1051 1757 1138 qui
1798 1053 2177 1139 reputaverit
2222 1076 2369 1119 eum

445 1196 579 1239 non
635 1186 876 1237 mature
925 1167 1309 1258 Theologiae
1371 1165 1591 1231 studiis
1652 1168 2026 1234 incubuisse.
2117 1169 2371 1235 Doctri-

445 1314 595 1355 nam
621 1304 830 1353 autem
854 1288 1183 1377 superabat
1220 1292 1537 1373 &ngenium
1549 1332 1570 1367 ‚
1605 1284 1911 1375 imprimis
1928 1308 2081 1351 vero
2109 1308 2375 1353 acumen

447 1405 605 1471 illud
633 1406 1142 1496 philosophicum
1157 1451 1176 1486 ,
1209 1402 1382 1492 quod
1405 1402 1613 1493 logice
1657 1401 2033 1492 disputando
2064 1405 2371 1489 excoluit,

449 1540 530 1590 et·
559 1524 826 1587 maxime
884 1536 1107 1586 contra
1147 1521 1503 1585 Donatistas
1549 1522 1846 1587 exercuit.
1905 1522 2217 1611 Imprimis
2258 1547 2376 1589 no-

456 1640 590 1704 cuit
624 1639 684 1703 ei
723 1639 1044 1703 literarum
1058 1685 1079 1720 ,
1127 1661 1274 1702 cum
1315 1639 1793 1721 Hebraicarum,
1830 1654 1965 1705 tum
1980 1672 1983 1680 ·
1996 1638 2380 1709 Graecarum

453 1756 830 1846 ignorantia.
903 1755 1070 1819 Hinc
1104 1755 1273 1819 enim
1299 1770 1553 1821 coactus
1575 1756 1695 1821 fuit
1717 1755 1867 1822 solis
1897 1757 2129 1822 Latinis
2152 1757 2381 1825 Sacrae

452 1871 814 1961 Scripturae
865 1872 1252 1937 versionibus
1305 1872 1400 1935 uti
1413 1919 1432 1954 ‚
1499 1871 1669 1938 unde
1730 1896 1941 1939 rursus
1996 1874 2201 1939 omnis
2250 1878 2383 1961 ejus

455 1990 854 2057 ratiocinatio
876 1989 1036 2055 falso
1061 1990 1304 2079 saepius
1325 1988 1736 2057 fundamento
1753 1992 1995 2058 nititur.
2052 1990 2381 2071 Scribendi

455 2112 586 2195 ejus
603 2109 764 2173 ratio
799 2106 1016 2173 durior
1039 2104 1135 2174 est
1150 2155 1169 2190 ‚
1201 2124 1298 2190 et,
1327 2108 1603 2175 mascula
1624 2108 1814 2193 licet,
1844 2109 2085 2199 saepius
2116 2110 2381 2176 obscura

455 2240 520 2293 et
553 2228 632 2293 ab
662 2225 840 2292 omni
869 2224 1178 2318 elegantia
1207 2226 1409 2291 aliena
1447 2222 1567 2315 (1).
1692 2228 1699 2233 ’

1358 2436 1394 2511 S
1437 2454 1477 2495 2

643 2634 841 2723 Origo
881 2647 950 2699 et
984 2635 1252 2700 historia
1291 2632 1649 2700 schismatis
1698 2635 2198 2705 Donatistarum.

548 2811 698 2876 Non
731 2811 992 2876 omnino
1025 2808 1248 2885 inutile
1283 2810 1524 2875 censeri
1556 2825 1796 2899 potest,
1845 2813 2086 2877 etiamsi
2113 2836 2250 2879 rem
2274 2820 2417 2905 per‘

459 2952 528 2995 se
574 2944 819 2995 tantum
867 2943 1110 3017 spectes
1123 2974 1142 3009 ‚
1189 2928 1258 2991 in
1307 2928 1619 3017 originem
1648 2929 1965 3015 inquirere
2002 2932 2347 2997 schismatis
2364 2980 2384 3015 ‚

460 3045 636 3135 quod
654 3069 771 3135 per
799 3043 927 3109 duo
960 3061 1025 3110 et
1051 3043 1225 3133 quod
1248 3058 1499 3133 superat
1531 3045 1741 3110 secula
1769 3046 2117 3113 Ecclesiam
2144 3048 2391 3115 Africa-

461 3187 610 3229 nam
630 3211 651 3247 ,
709 3160 1209 3236 florentissimam
1259 3176 1412 3226 tunc
1466 3163 1771 3251 temporis
1833 3164 2003 3229 orbis
2058 3166 2393 3233 Christiani

462 3298 709 3372 partem
723 3329 742 3363 ‚
800 3278 1164 3345 dilaceravit
1217 3278 1553 3368 effecitque
1566 3328 1607 3363 ‚.
1632 3296 1707 3345 ut
1734 3280 2023 3353 homines
2058 3281 2393 3348 Christiani

523 3512 606 3581 11)
641 3511 814 3563 Secuti
844 3525 1018 3561 sumus
1047 3522 1304 3560 »curun
1317 3540 1333 3567 ,
1371 3509 1702 3557 coaetaneum
1740 3508 1887 3559 &tae
1926 3506 2220 3574 Augustini
2242 3511 2407 3579 corip-

648 3598 811 3645 torem
829 3628 846 3654 ,
895 3598 952 3645 et
996 3594 1157 3659 ipsum
1201 3590 1516 3657 potissimum
1544 3604 1857 3641 Auernum!
1892 3591 1945 3641 in
1982 3592 2413 3659 confessionam

649 3675 714 3727 de
738 3692 792 3727 oe
824 3674 1077 3725 dicentem
1090 3708 1106 3733 ‚
1139 3672 1499 3738 cnjussaepius
1513 3672 1665 3723 verba
1680 3673 1961 3724 retulimus.
1992 3676 2225 3727 Ceterum
2251 3680 2408 3731 conff-

649 3774 696 3809 3.
734 3772 790 3809 ι.
832 3771 1097 3831 manasen
1115 3788 1133 3817 ,
1184 3756 1505 3809 Chrictliche
1543 3750 2100 3823 Kireloaeoeqeech'iohtc,
2137 3762 2192 3811 ‘1'-
2228 3763 2317 3814 XV
2348 3781 2407 3830 p.

650 3838 886 3889 219·288
909 3843 989 3893 ,οἱ
1043 3854 1096 3893 e.
1136 3856 1184 3891 r.
1225 3854 1449 3890 visun
1466 3872 1483 3901 ,
1542 3839 1771 3893 rumh
1818 3842 1970 3893 ecum
2010 3846 2408 3910 pronuntiabo

654 3923 1002 3989 Danullunq
1037 3924 1124 3975 du
1165 3924 1605 3988 augustinium·
1640 3924 1755 3974 «nd
1790 3922 2244 3991 Pelaqiaaimuc,
2282 3929 2338 3977 T·
2375 3928 2402 3978 1

647 4025 702 4075 p.
741 4006 889 4059 7-33.
