2917 4967
1490 408 1581 481 72

583 648 786 717 verbis
817 645 1182 712 enunciatot
1230 648 1338 735 qui
1383 664 1511 707 non
1553 640 1768 723 habet,
1816 642 1988 733 quod
2014 642 2151 727 det,
2200 648 2503 737 quomodo

579 764 762 831 dabit
793 763 883 853 (ι)
909 762 937 827 P
1023 761 1230 843 Quare
1259 784 1296 825 a
1318 759 1586 843 Sancto,
1616 760 1663 825 i.
1700 782 1757 825 c.
1798 782 1874 825 cx
1902 776 2115 827 mente
2146 762 2503 831 Donatista-

581 906 724 947 rum
743 930 760 965 ‚
795 904 831 945 a
853 880 1030 945 socio
1051 900 1233 944 verae
1251 876 1569 943 Ecclesiae
1583 924 1601 960 ,
1639 877 1841 966 accipi
1867 875 2099 945 debere
2122 882 2501 971 baptismum

579 998 1013 1089 perhibebant.
1070 995 1534 1060 Flammam
1565 994 1837 1083 probare
1864 1010 2159 1079 conatur3
2207 982 2503 1086 quaerem-

576 1116 724 1181 dum
745 1138 880 1181 esse
903 1114 1212 1179 hominem
1235 1113 1559 1191 Sanctum,
1606 1134 1649 1177 a
1670 1134 1791 1201 quo
1815 1120 2017 1201 accipi
2038 1111 2266 1179 debeat
2282 1139 2499 1183 sacra-

577 1245 844 1297 mentum
872 1228 999 1320 (2);
1037 1252 1110 1295 ac
1133 1249 1542 1295 verinianus:
1580 1236 1961 1295 consolanda
1982 1230 2193 1297 dantis
2214 1232 2497 1299 adtendi-

575 1365 705 1432 tur,
753 1358 862 1441 qui
895 1348 1118 1415 abluat
1145 1354 1508 1437 accipientis
1539 1344 1657 1437 (3).
1688 1380 1777 1395 —
1810 1347 1971 1415 Cum
2000 1370 2153 1414 vcro
2181 1350 2335 1415 tales
2363 1372 2495 1415 non

575 1468 968 1559 reperiantur
983 1467 1051 1531 in
1067 1466 1186 1533 alia
1203 1479 1376 1531 extra
1391 1464 1905 1530 communionem
1916 1464 2149 1531 Donati
2166 1466 2489 1550 societate,

573 1608 692 1653 nec
728 1585 854 1650 ulla
899 1598 1149 1673 praeter
1171 1582 1345 1647 illam
1371 1582 1451 1647 sit
1480 1603 1630 1647 vera
1654 1581 1935 1649 Ecclesia
1952 1631 1971 1666 ,
2020 1584 2295 1672 sequitur
2320 1586 2388 1649 in
2420 1606 2496 1651 ea

573 1702 710 1769 sola
751 1700 1126 1790 baptismum
1175 1700 1296 1763 rite
1343 1698 1549 1788 accipi
1600 1720 1785 1787 posse
1833 1722 1909 1766 ac
1962 1698 2226 1783 debere,
2282 1700 2495 1791 ibique

569 1815 1011 1885 tantummodo
1061 1838 1242 1881 usum
1301 1829 1616 1905 praestare
1682 1830 1747 1881 et
1797 1814 2143 1881 efficaciam
2190 1815 2487 1906 prodere.

567 1936 738 2001 Alibi
767 1951 974 2000 autem
990 1936 1122 2021 jam
1153 1932 1481 2022 baptizati,
1531 1932 1583 1997 si
1607 1954 1795 1997 verae
1826 1931 2141 1999 Ecclesiae
2169 1935 2327 1999 socii
2354 1934 2492 2001 fieri

563 2052 976 2142 baptismique
1001 2050 1208 2115 fructu
1234 2046 1509 2139 gaudere
1530 2047 1759 2131 velint,
1808 2048 1876 2113 in
1912 2070 1985 2113 ea
2010 2050 2388 2139 baptismum
2420 2066 2493 2117 ut

563 2169 906 2258 accipiant,
935 2188 1188 2233 necesse
1219 2188 1372 2231 esse.
1469 2164 1605 2231 Hac
1634 2181 1842 2231 autem
1872 2166 1939 2229 in
1964 2164 2329 2234 conditione
2354 2190 2489 2233 ver-

564 2284 686 2351 sari
713 2282 1178 2351 contendebant
1207 2304 1426 2347 omnes
1459 2296 1635 2347 extra
1675 2283 2187 2349 communionem
2211 2283 2481 2371 Donati,

563 2417 748 2491 atque
803 2403 870 2466 in
913 2400 988 2467 iis
1036 2399 1418 2466 Catholicos.
1514 2396 1915 2490 Quapropter
1964 2416 2137 2467 recte
2176 2403 2489 2469 rationem

561 2518 883 2591 concludit
916 2517 1294 2610 Augustinus
1308 2564 1330 2602 ‚
1367 2540 1443 2583 cx
1471 2516 1775 2606 opinione
1804 2518 2275 2587 Donatistarum
2300 2534 2490 2587 totum

557 2639 766 2705 orhem
800 2636 1224 2715 Christianum
1249 2632 1763 2725 rebaptizandum
1788 2658 1925 2701 esse
1962 2634 2080 2725 (4).

1445 2868 1589 2951 53-

747 3108 1086 3195 Augustini
1117 3103 1437 3193 rqfictandi
1468 3104 2069 3193 argumentandique
2098 3112 2283 3169 ratio·

641 3336 1018 3429 Augustinus
1063 3332 1358 3401 concedit
1389 3331 1644 3423 quidem
1684 3334 2026 3400 Donatistis
2039 3382 2057 3418 ,
2104 3335 2483 3424 baptismum

552 3477 748 3521 unum
791 3475 922 3520 esse
937 3500 955 3537 ,
1007 3450 1549 3541 quemadmodum·
1574 3474 1721 3517 vera
1759 3451 2042 3517 Ecclesia
2078 3476 2203 3519 una
2242 3468 2335 3564 est
2349 3502 2367 3538 ,
2418 3469 2485 3521 at

555 3594 699 3639 eum
755 3593 887 3637 non
939 3568 1237 3659 adstringi
1281 3565 1513 3635 debere
1566 3567 1648 3635 ad
1681 3592 1895 3635 veram
1939 3570 2285 3638 Ecclesiam
2304 3618 2323 3655 ,
2372 3570 2482 3639 scd

605 3750 684 3817 (1)
718 3752 929 3817 optatus
962 3749 1000 3802 Ι.
1036 3764 1083 3800 o.
1121 3750 1225 3801 ub.
1257 3752 1320 3807 V.
1363 3770 1413 3807 c.
1449 3755 1505 3809 fl.

611 3834 691 3901 (2)
729 3834 786 3884 C.
818 3848 900 3899 ep.
937 3832 1168 3887 Parmen.
1210 3835 1314 3886 Lib.
1352 3837 1424 3891 11.
1468 3838 1491 3903 ς
1536 3837 1621 3893 36.

603 3917 684 3983 (8)
719 3917 776 3969 c.
829 3916 907 3966 lit.
953 3917 1105 3970 Petu.
1159 3918 1266 3971 ub.
1310 3920 1382 3972 11.
1421 3920 1443 3989 ς
1476 3922 1530 3975 6.
1597 3921 1675 3975 Λᾶ
1708 3938 1943 3975 nauseam
1990 3938 2152 3991 usqne
2176 3922 2304 3975 baec
2336 3918 2489 3974 verbs

727 4000 945 4052 millenis
981 4002 1212 4067 profecto
1249 4004 1377 4056 locis
1410 4006 1603 4072 repetit
1634 4008 1962 4073 Augustinus.

607 4082 688 4151 (4)
720 4084 779 4137 C.
821 4082 926 4137 tm.
967 4084 1121 4139 Pom.
1156 4086 1264 4142 ub.
1303 4086 1347 4141 1.
1383 4088 1407 4157 ς
1441 4088 1529 4143 20·
