2917 4967
1473 392 1567 463 88

569 652 698 697 esse
716 676 734 712 ,
783 648 1132 717 provocans
1157 625 1239 691 ad
1271 626 1627 715 Scripturae
1652 626 1879 691 Sacrae
1904 628 2282 693 testimonia.
2376 628 2483 693 Af-

569 746 692 811 fert
723 744 952 811 Psalm.
987 744 1091 809 CI.
1139 741 1198 807 5.
1291 742 1733 807 Detrahe-ntem
1752 751 2052 831 proximo
2078 768 2192 808 suo
2216 745 2481 824 occulte,

569 864 733 927 hunc
758 860 1202 951 persequebar.
1293 859 1436 924 Hoc
1476 874 1683 925 autem
1726 882 1857 925 non
1892 859 2288 927 laudabiliter
2325 861 2492 928 dice-

571 994 746 1045 retur
761 1026 782 1061 ,
839 979 892 1042 si
935 976 1285 1067 persecutio
1334 996 1467 1041 non
1518 975 1691 1041 licita
1743 992 1921 1042 esset.
2015 976 2276 1044 Praeter
2318 978 2489 1043 hunc

576 1093 790 1159 locum
836 1094 1024 1159 etiam
1069 1092 1298 1158 Psalm.
1349 1092 1581 1157 XVIII.
1628 1092 1731 1159 38.
1826 1094 2178 1183 Persequar·
2208 1102 2493 1158 inimicos

581 1234 748 1275 meos
759 1258 780 1291 ‚
827 1224 894 1275 et
913 1208 1426 1298 comprehendam
1452 1209 1624 1289 illos,
1667 1222 1733 1275 et
1759 1232 1883 1274 non
1916 1224 2263 1291 convertar,
2299 1210 2497 1275 donee

577 1328 892 1415 deficiant.
985 1324 1108 1389 Hic
1147 1340 1354 1389 autem
1395 1327 1590 1391 verba
1627 1326 1814 1414 ipsius
1854 1326 2111 1392 Domini
2151 1328 2379 1393 Clu-isti
2401 1328 2492 1391 in·

580 1443 820 1509 venisse
846 1442 964 1508 sibi
989 1440 1336 1507 videbatur.
1408 1442 1553 1507 Alia
1577 1442 1773 1508 multa
1794 1465 1924 1509 esse
1945 1444 2091 1510 loca
2116 1442 2271 1509 dicit
2286 1493 2305 1527 ,
2334 1467 2494 1533 quae

577 1574 787 1623 tamen
815 1558 1101 1647 persequi
1125 1559 1384 1649 longum
1409 1574 1588 1625 esset.

666 1675 1028 1741 Persecutio
1052 1676 1312 1740 omnino
1338 1673 1655 1739 laudanda
1680 1692 1806 1757 est,
1852 1676 1905 1741 si
1928 1698 1965 1739 a
1988 1676 2161 1741 malo
2186 1692 2251 1743 et
2272 1676 2495 1741 illicito

579 1792 942 1881 prohibeat,
991 1815 1110 1858 nec
1145 1790 1406 1857 modum
1435 1792 1685 1881 peccati
1718 1791 1942 1858 modus
1976 1795 2375 1861 coercitionis
2402 1816 2499 1859 ex-

585 1907 788 1973 cedat.
860 1907 1183 1995 Culpanda
1203 1930 1354 1973 vero
1378 1923 1473 1973 est
1489 1955 1508 1990 ,
1538 1909 1591 1972 si
1616 1907 1867 1975 turbide
1888 1932 1963 1973 ac
1979 1908 2335 1975 inordinate
2359 1909 2492 1991 fiat,

583 2038 648 2088 et
668 2024 746 2089 ab
776 2025 852 2089 iis
869 2072 888 2107 ‚
938 2024 1045 2111 qui
1066 2026 1166 2109 jus
1189 2046 1322 2090 non
1346 2023 1717 2113 habent(1).

609 2184 614 2191 -
678 2143 838 2206 Cum
891 2156 1100 2207 autem
1139 2163 1206 2205 se
1247 2140 1327 2206 ab
1353 2140 1635 2205 Ecclesia
1658 2140 2074 2228 separaverint
2101 2140 2467 2207 Donatistae
2480 2190 2499 2223 ‚

583 2261 764 2347 eique
783 2281 850 2323 se
872 2272 1198 2347 opponant
1215 2303 1233 2338 ,
1274 2259 1452 2341 justa·
1479 2256 1549 2320 in
1576 2278 1683 2320 eos
1708 2256 2059 2344 persecutio
2088 2270 2181 2320 est
2204 2254 2493 2323 dicenda.

584 2375 1096 2440 Pet-secutionem
1143 2387 1354 2439 autem
1402 2395 1537 2439 non
1588 2369 1749 2437 adeo
1790 2396 1829 2437 a
1862 2372 2199 2438 Catholicis
2218 2419 2238 2455 ,
2284 2372 2397 2439 sed
2422 2374 2504 2439 ab

584 2492 734 2580 ipsis
763 2492 886 2557 suis
908 2490 1089 2555 factis
1117 2489 1438 2579 patiuntur
1462 2488 1578 2579 (2).

673 2608 762 2672 At
800 2600 950 2673 v'ero
1001 2606 1443 2694 quaerebatur:
1493 2629 1641 2669 num
1682 2606 1923 2671 licimm
1968 2619 2135 2672 esset
2174 2608 2509 2673 Catholicis

587 2725 748 2789 alios
773 2724 864 2788 ad
860 2724 1069 2811 fidem
1092 2746 1270 2787 suam
1302 2723 1713 2812 compellere?
1765 2723 1968 2813 Negat
1996 2724 2373 2815 Augustinus
2405 2725 2509 2790 ali·

597 2864 782 2929 quem
805 2839 886 2905 ad
910 2839 1102 2935 fidem
1133 2840 1277 2931 cogi
1305 2840 1569 2905 invitum
1586 2888 1607 2923 ,
1642 2839 1753 2907 sed
1775 2863 1891 2929 per
1919 2842 2347 2925 sanctitatem,
2376 2843 2508 2908 imo

595 2973 661 3023 et
699 2956 1194 3035 misericordiam
1230 2956 1352 3021 Dei
1397 2956 1874 3022 tribulationum
1903 2954 2157 3047 flagellis
2181 2957 2511 3047 perfidiam

593 3073 796 3139 solere
840 3074 1125 3163 castigari
1138 3121 1157 3154 ‚
1205 3087 1276 3136 ut
1307 3072 1523 3137 volens
1563 3072 1912 3161 corrigatur
1948 3087 2385 3159 correctusque
2423 3074 2511 3137 vi-

593 3204 730 3271 vat,
778 3189 961 3254 sicuti
992 3211 1151 3277 puer
1187 3188 1553 3277 plerumque
1592 3188 1672 3251 ab
1695 3186 1952 3251 homine
1980 3187 2296 3252 carissimo
2321 3211 2510 3277 vapu-

595 3308 684 3373 lat
710 3304 824 3395 (3).
914 3306 1085 3371 Deus
1118 3304 1404 3369 homines
1445 3302 1726 3367 volentes
1777 3302 1959 3384 facit,
2004 3300 2153 3366 dum
2198 3318 2511 3393 coguntur

597 3424 774 3491 inviti
789 3472 808 3506 ,
857 3439 1040 3511 atque
1063 3424 1190 3487 hoc
1212 3421 1478 3485 illustrat
1500 3419 1784 3508 exemplo
1807 3418 2226 3485 Ninivitarum
2252 3436 2317 3485 et
2337 3444 2511 3511 para-

594 3542 745 3609 bola
775 3542 920 3607 Iesu
951 3539 1030 3605 de
1061 3538 1246 3628 epulo
1277 3535 1389 3624 (4).
1483 3534 1589 3601 Ad
1610 3537 1851 3603 bonum
1882 3536 2050 3601 enim
2084 3536 2505 3627 appetendum

659 3796 738 3863 (1)
771 3796 845 3847 De
875 3794 1005 3845 unit.
1037 3793 1175 3844 leel.
1212 3792 1236 3859 5
1271 3791 1357 3843 53.
1386 3808 1436 3841 ο.
1468 3792 1703 3843 Cresoon.
1738 3790 1847 3845 Lib.
1886 3792 1939 3843 11
1968 3792 1991 3859 5
2025 3792 2111 3843 27.

660 3882 740 3948 (2)
772 3882 830 3931 C.
865 3879 973 3930 litt.
1008 3875 1160 3927 retu.
1197 3872 1304 3925 nb.
1343 3872 1396 3921 11
1428 3872 1452 3939 5
1491 3872 1576 3922 43.

653 3965 740 4031 (8)
769 3965 826 4014 C.
856 3962 960 4011 litt.
999 3959 1150 4011 retu.
1192 3956 1297 4007 Lib.
1339 3956 1392 4005 Π
1423 3956 1450 4023 5
1496 3954 1592 4007 184
1626 3961 1679 4008 et
1713 3954 1831 4005 217.

655 4046 735 4117 (4)
770 4048 827 4101 C.
863 4042 1114 4096 Gaudent.
1146 4039 1251 4093 Lib.
1298 4040 1321 4088 1
1365 4039 1389 4106 5
1417 4039 1505 4093 28.
