2917 4967
1482 354 1574 427 52

589 592 1036 661 communione
1063 611 1175 655 sua
1216 602 1422 655 servat
1460 602 1828 677 peccatores
1855 603 1923 654 et
1946 589 2504 659 circumcelliones.

591 708 982 775 »Ostendant
1011 708 1150 790 isti,
1197 706 1284 771 ait
1300 754 1319 788 ,
1363 702 1689 793 quomodo
1722 727 1943 770 eorum
1975 708 2355 798 contagione
2381 731 2510 774 non

590 828 892 917 perierint
907 873 928 907 ,
963 846 1116 912 quos
1145 820 1482 911 sacrilegos
1512 821 1918 887 incestatores
1954 834 2357 891 consecratae
2398 850 2512 915 pu-

592 944 845 1009 dicitiae
857 942 1276 1007 foeminarum
1292 939 1458 1003 inter
1472 961 1539 1003 se
1564 937 1760 1003 latere
1776 938 1879 1003 vel
1895 938 2171 1024 latuisse,
2194 944 2297 1007 vel
2314 941 2507 1008 modo

541 1073 545 1083 '
588 1060 905 1142 nesciunt,
924 1124 936 1135 ,
954 1057 1057 1123 vel
1087 1053 1421 1144 aliquando
1466 1055 1888 1120 nesciverunt’'
1930 1055 2050 1145 (ι).

675 1176 1019 1243 Donatistis
1065 1174 1319 1263 insuper
1364 1172 1586 1259 objicit
1614 1174 1949 1239 schismata
1998 1175 2163 1239 inter
2187 1197 2295 1241 eos
2326 1193 2466 1243 orta
2484 1225 2504 1261 ,

587 1292 872 1382 inprimis
895 1292 1516 1357 Marimianistarum.
1589 1288 1836 1355 Horum
1870 1290 2039 1356 enim
2068 1316 2317 1359 causam
2339 1282 2527 1361 simi—¹

587 1410 716 1476 lem
757 1432 892 1474 esse
932 1430 1156 1475 causae
1189 1408 1660 1473 Donatistarum
1690 1431 1837 1474 cum
1862 1408 2199 1475 Catholicis
2224 1394 2510 1500 perhibe-

586 1526 735 1609 bat,
797 1548 986 1614 quam
1031 1540 1244 1591 tamen
1295 1528 1505 1611 major
1550 1524 2019 1593 Donatistarum
2063 1546 2211 1617 pars
2258 1526 2511 1595 damna-
2562 1588 2573 1595 .

581 1644 694 1709 bat
723 1643 816 1733 (2)

671 1878 848 1945 Haec
902 1878 984 1945 de
1011 1879 1134 1943 hac
1159 1881 1288 1965 ejus
1319 1902 1362 1942 a
1377 1884 1720 1967 posteriori
1764 1878 2238 1970 argumentandi
2266 1881 2512 1948 ratione

587 1994 760 2061 dicta
827 1994 1156 2061 sufficiant.
1287 1994 1533 2061 Diutius
1584 1997 1975 2061 morabimur
2023 1998 2093 2062 in
2142 1997 2514 2088 exponenda

583 2120 1120 2201 argumentatione
1143 2136 1186 2176 a
1193 2120 1404 2201 priori
1416 2160 1434 2195 ,
1464 2113 1594 2178 sive
1618 2113 1971 2203 dogmatica
1988 2161 2007 2196 ,
2058 2137 2185 2203 qua
2216 2116 2512 2182 nimirum

583 2234 783 2321 ipsam
823 2228 1106 2294 adoritur
1135 2229 1607 2296 Donatistarum
1636 2230 2035 2319 hypothesin.
2129 2232 2315 2298 Hanc
2338 2234 2509 2301 enim

584 2348 682 2412 illi
707 2347 1071 2437 praetulisse
1098 2345 1344 2411 videtur
1368 2347 1771 2437 Augustinus.

669 2465 767 2530 Ex
804 2464 1136 2553 hypothesi
1163 2446 1636 2528 Donatistarum
1668 2463 1948 2554 perfecta
1988 2466 2269 2532 omnium
2299 2468 2512 2535 Eccle-

585 2583 716 2649 siae
765 2583 1083 2647 sociorum
1132 2582 1428 2645 sanctitas
1467 2582 1814 2647 necessaria
1846 2583 2115 2649 maxime
2148 2599 2301 2649 nota
2327 2592 2513 2651 v'erae

586 2700 906 2767 Ecclesiae
937 2712 1074 2764 erat
1097 2696 1429 2765 censenda.
1503 2698 1664 2763 Eam
1691 2713 1766 2764 ut
1793 2699 2015 2765 falsam
2054 2723 2185 2765 esse
2212 2702 2515 2790 probaret

585 2818 963 2908 Augustinus
976 2864 996 2899 ,
1055 2814 1384 2881 ostendere
1445 2816 1759 2883 instituit:
1818 2817 2003 2883 talem
2024 2864 2047 2901 ,
2094 2820 2341 2909 qualem
2388 2820 2513 2886 sibi

584 2935 937 3000 Ecclesiam
967 2932 1199 2999 Christi
1209 2932 2058 3022 proponebantDonatistae,
2088 2958 2215 2999 non
2244 2936 2515 3001 describi

587 3058 654 3115 in
702 3050 923 3114 litteris
978 3056 1214 3130 sacris‚·
1262 3048 1412 3114 dein
1464 3051 1761 3140 exponit:
1831 3052 2035 3141 qualis
2088 3051 2379 3115 Ecclesia
2425 3078 2514 3119 ex

587 3190 802 3231 earum
855 3172 1240 3231 institutione
1275 3174 1396 3248 sit‚·
1434 3166 1543 3233 ‘vel
1583 3182 1658 3231 ut
1697 3168 2039 3233 accuratius
2074 3166 2313 3253 dicam5
2366 3192 2512 3261 pro-

584 3284 741 3350 bare
772 3297 1073 3349 conatur:
1107 3283 1458 3373 perfectam
1482 3293 1875 3350 sanctitatem
1902 3286 2238 3351 secundum
2270 3287 2513 3353 litteras

584 3423 804 3465 sacras
857 3413 1070 3465 notam
1121 3400 1516 3470 diacriticam
1559 3424 1742 3469 verae
1786 3402 2114 3469 Ecclesiae
2158 3428 2284 3470 non
2336 3430 2473 3473 esse
2482 3433 2511 3491 ,-

586 3542 803 3586 verum
841 3518 1341 3585 Catholici-smum
1385 3521 1432 3588 i.
1483 3543 1543 3586 e.
1585 3522 1721 3609 qius
1760 3544 1887 3609 per
1924 3544 2166 3589 omnem
2204 3534 2513 3591 terr-amm

585 3639 793 3703 orbem
811 3645 1351 3728 propagationem.

648 3867 728 3930 (1)
757 3864 833 3914 lle
865 3862 997 3913 unit.
1034 3860 1226 3913 zoclen.
1265 3859 1289 3927 ς
1325 3860 1379 3912 3.

646 3949 725 4017 (2)
759 3944 911 3999 Brev.
948 3945 1129 3997 collat.
1165 3944 1219 3997 d.
1258 3944 1282 3994 1
1318 3960 1367 3995 c.
1407 3942 1440 3994 7
1475 3947 1528 3993 et
1568 3940 2087 4008 10.‹1.111518.et
2114 3944 2386 3996 innumeris
2419 3945 2524 3995 fere
2586 4018 2601 4033 ·

746 4031 856 4081 aliis
891 4028 1035 4082 locis.
1176 4031 1192 4053 ⁶
2152 4046 2163 4068 t
