2917 4967
1361 334 1594 409 ‘16

565 574 838 641 excitare
861 574 926 639 in
953 572 1174 640 Africa
1195 572 1537 657 tumultus,
1566 594 1677 639 eos
1708 594 1960 663 quoque
1978 620 1999 658 ,
2029 596 2188 662 quos
2214 572 2497 641 custodia

569 692 854 777 tenebat,
901 690 1156 758 dimisit.
1227 690 1577 755 Consilium
1606 691 1777 781 cepit
1802 690 1873 755 in
1902 690 2189 757 Africam
2217 690 2501 782 proficis-

569 807 755 877 cendi
769 858 792 893 ,
835 826 906 875 ut
935 811 1070 900 ipse
1119 808 1210 873 ibi
1241 824 1572 898 utramque
1602 823 1845 899 partem
1878 806 2165 892 audiret3
2216 824 2501 875 mentem

567 942 781 994 tamen
831 942 1053 1017 postea
1101 926 1364 991 mutavit
1415 948 1707 1014 annoque
1736 926 2019 1013 sequenti
2047 924 2175 991 316
2200 926 2499 991 Caecilia-
2530 1004 2539 1009 ,

565 1068 720 1111 num
753 1048 1004 1133 ejusque
1027 1042 1410 1111 adversarios
1431 1041 1865 1109 Mediolanum
1886 1044 2102 1109 venire
2121 1044 2321 1129 jussit.
2368 1042 2497 1109 Ve-

569 1176 833 1245 nerunt,
883 1158 1076 1248 judex
1117 1160 1280 1229 sedit
1317 1162 1673 1251 Imperator
1721 1183 1797 1227 ac
1844 1158 2057 1228 denuo
2104 1162 2341 1227 victrix
2378 1161 2500 1227 fuit

565 1302 752 1346 causa
775 1278 1136 1345 Caeciliani.

653 1396 849 1487 Leges
873 1418 1042 1461 nunc
1067 1412 1290 1461 contra
1317 1412 1565 1487 partem
1594 1394 1893 1483 Majorini
1925 1394 2240 1477 feruntur,
2268 1394 2493 1483 quibus

563 1514 860 1581 basilicae
891 1528 956 1580 et
977 1512 1125 1580 loca
1138 1562 1156 1597 ,
1190 1514 1300 1579 ubi
1326 1514 1817 1597 conveniebant,
1852 1513 1931 1579 iis
1956 1512 2186 1578 auferri
2213 1512 2489 1600 jubetur.

567 1634 656 1697 At
676 1632 730 1698 si
750 1631 851 1698 vel
875 1629 1141 1697 inveniri
1163 1631 1469 1723 potuisset
1509 1628 1767 1719 aliquod
1792 1652 2014 1695 eorum
2037 1629 2369 1695 fanatismo
2402 1650 2499 1695 re-

565 1747 845 1815 medium
859 1796 880 1832 ,
909 1770 1043 1813 non
1067 1749 1196 1813 hoc
1223 1770 1372 1813 sane
1399 1747 1542 1812 fuit.
1596 1746 1762 1813 Nam
1786 1746 2187 1813 insolentiam
2211 1745 2499 1811 Donatis-

567 1881 774 1933 tarum
807 1862 890 1929 ad
918 1864 1200 1931 furorem
1227 1886 1424 1953 usque
1457 1862 1743 1931 incendit
1766 1864 2103 1955 effecitque
2120 1912 2141 1949 ,
2169 1880 2241 1931 ut
2264 1864 2496 1929 acriter

566 1985 636 2051 in
663 1982 1010 2049 Ecclesiam
1035 1982 1428 2049 catholicam
1456 1983 1787 2050 saevirent.

655 2102 930 2168 Moritur
975 2100 1228 2189 quidem
1279 2123 1446 2166 anno
1499 2100 1539 2167 3
1552 2100 1625 2167 15
1676 2102 2021 2188 Majorinus
2035 2150 2055 2185 ,
2100 2115 2167 2166 at
2218 2116 2407 2192 eaput
2430 2116 2497 2167 et

563 2220 806 2286 animus
828 2219 1020 2284 veluti
1040 2219 1234 2307 partis
1255 2220 1388 2305 ejus
1410 2219 1661 2285 vivebat
1677 2221 1968 2286 Donatus
1988 2243 2031 2285 a
2046 2220 2225 2287 Casas
2240 2220 2493 2308 Nigris,

561 2339 660 2405 vir
706 2336 977 2429 partium
1033 2336 1241 2402 studio
1297 2335 1631 2403 excitando
1686 2353 1752 2403 et
1799 2335 2077 2435 fovendo
2115 2338 2485 2427 aptissimus.

561 2453 830 2523 Fervida
881 2454 1052 2522 enim
1091 2469 1227 2521 erat
1259 2468 1323 2521 et
1355 2455 1585 2547 agresti
1617 2454 1973 2543 eloquentia
1997 2502 2017 2538 ,
2064 2455 2375 2545 propositi
2404 2470 2494 2520 te·

559 2574 922 2641 nacissimus
977 2570 1325 2663 agendique
1383 2570 1594 2637 studio
1628 2569 1917 2663 flagrans.
2018 2572 2142 2636 Hic
2174 2572 2491 2659 Majorino
2568 2594 2577 2599 ·

561 2692 879 2759 successit.
953 2690 1056 2755 Ab
1084 2713 1162 2755 eo
1191 2690 1382 2756 etiam
1409 2690 1779 2755 Donatistae
1800 2712 2037 2755 nomen
2060 2690 2319 2757 habent.

617 2812 958 2891 Unsscms,
973 2808 1374 2897 Imperatoris
1390 2830 1629 2891 comes,
1642 2822 1713 2871 ut
1722 2805 1893 2897 leges
1905 2822 2129 2873 contra
2136 2805 2495 2873 Donatistae

561 2928 692 2993 vim
717 2949 891 2992 suam
910 2924 1249 3007 haberent,
1271 2946 1491 2988 curare
1506 2926 1707 3011 jussus
1720 2970 1739 3006 ,
1766 2924 1942 2988 omni
1962 2921 2172 2988 studio
2192 2946 2267 2988 ac
2289 2922 2495 2989 indus-

563 3042 685 3109 tria
694 3043 820 3107 hoc
833 3039 1007 3105 fecit.
1036 3030 1195 3104 Cum
1206 3062 1358 3105 vero
1371 3040 1434 3105 vi
1448 3056 1705 3130 cogeret
1713 3039 2071 3107 Donatistas
2084 3038 2167 3105 ad
2176 3041 2493 3107 Ecclesiae

562 3159 928 3227 Catholicae
957 3156 1471 3222 communionem
1487 3205 1506 3241 ,
1536 3180 1613 3223 ex
1636 3158 1712 3223 iis
1738 3158 1863 3223 orti
1888 3174 2033 3223 sunt
2053 3158 2271 3224 flu-insi
2294 3158 2389 3223 illi
2414 3176 2491 3223 ac

562 3274 849 3358 fanatici,
922 3272 1457 3339 Circumcelliones
1510 3272 1663 3339 dicti
1680 3322 1701 3358 ,
1763 3274 1871 3363 qui
1917 3276 2129 3339 omnia
2154 3276 2273 3341 sibi
2299 3275 2493 3342 licere

558 3394 863 3487 putabant
876 3440 894 3475 ,
924 3387 1122 3456 modo
1152 3388 1595 3457 frustrarentur
1620 3392 1859 3457 Ursacii
1889 3408 2150 3457 conatus
2180 3389 2301 3481 (1).

625 3574 706 3640 (1)
738 3572 821 3624 Sic
850 3586 938 3621 eos
965 3566 1205 3619 describit
1234 3584 1537 3633 suenorum
1564 3586 1615 3624 ο.
1636 3568 1871 3621 Gaudent
1902 3568 2011 3621 Lib.
2052 3569 2077 3619 1
2113 3568 2139 3635 ς
2176 3568 2247 3619 32
2282 3586 2315 3619 v
2334 3569 2507 3620 Genus

742 3654 1001 3706 hominum
1033 3653 1088 3702 in
1112 3652 1374 3704 horrendis
1394 3653 1703 3705 facinoribus
1731 3652 2035 3717 inquietum,
2058 3653 2123 3704 ab
2142 3653 2353 3704 utilibus
2378 3667 2505 3720 ope-

670 3734 676 3741 ’
737 3737 881 3789 ribus
899 3736 1116 3787 otiosum
1131 3769 1148 3797 ,
1173 3734 1571 3787 crudelissimum
1605 3738 1657 3786 in
1692 3736 1938 3787 mortibus
1972 3738 2151 3789 alienis
2164 3771 2181 3799 ,
2215 3738 2505 3793 vilissimum

741 3822 798 3872 in
825 3820 959 3879 suis,
989 3819 1199 3871 maxime
1233 3819 1287 3870 in
1319 3821 1452 3885 agris
1484 3820 1723 3871 territans
1740 3854 1756 3881 ,
1778 3820 1843 3871 ab
1869 3822 2001 3886 agri·
2017 3836 2228 3881 nans,
2253 3818 2503 3871 etvictt'is

744 3904 824 3955 sui
841 3903 992 3955 causa
1011 3904 1165 3955 cellas
1179 3903 1483 3957 circumiens
1498 3904 1797 3967 rusticanas,
1816 3904 1949 3956 unde
1965 3896 2501 3957 etssircumeelliowm

739 4002 925 4039 nomen
959 3986 1225 4055 accepit.’'
