2917 4967
1387 364 1483 435 68

471 619 610 667 tans
643 600 736 689 (1)
757 646 776 683 ,
823 598 1045 664 iisdem
1075 599 1266 664 etiam
1303 599 1681 687 argumentis
1702 619 1845 661 usus
1870 610 1987 661 est.
2069 602 2107 653 ἰ
2118 594 2356 661 Tenet*
2370 643 2389 677 ,

467 720 696 807 inquit,
723 748 750 775 ι
763 716 1090 782 consensio
1106 715 1489 805 populorum
1509 730 1695 810 atque
1714 715 1994 805 gentium
2007 761 2027 796 ,
2052 728 2229 778 tenet
2246 735 2391 777 auc-

467 838 690 902 toritas
710 834 1026 901 miraculis
1045 834 1377 914 inchoata3
1407 855 1519 920 spe
1543 832 1779 895 nutrita
1792 878 1811 913 ‚
1848 831 2149 895 charitate
2171 846 2387 913 aucta,

470 969 776 1019 vetustate
823 951 1100 1015 firmata:
1147 964 1322 1014 tenet
1357 949 1438 1013 ab
1482 949 1620 1037 ipsa
1654 946 1804 1012 sede
1842 948 2017 1012 Petri
2059 946 2351 1036 Apostoli
2366 994 2385 1029 ,

470 1072 574 1136 cui
626 1067 970 1160 pascendas
1023 1089 1174 1131 oves
1220 1089 1360 1130 suas
1397 1079 1547 1154 post
1588 1066 2114 1130 resurrectionem
2165 1064 2387 1129 Domi—

465 1212 582 1253 nus
623 1182 1086 1253 commendavit
1100 1232 1120 1265 ,
1137 1206 1360 1271 ·usque
1399 1180 1483 1248 ad
1525 1198 1918 1271 praesentem
1940 1182 2389 1272 Episcopatum

463 1306 771 1369 successio
793 1300 1228 1385 sacerdotum:
1255 1316 1428 1365 tenet
1448 1316 1773 1388 postremo
1798 1301 2004 1389 ipsum
2030 1298 2391 1363 Catholicae

461 1443 698 1487 nomen
713 1466 732 1501 ,
781 1416 954 1505 quod
977 1440 1110 1482 non
1134 1418 1268 1481 sine
1297 1440 1481 1481 causa
1508 1417 1674 1483 inter
1698 1432 1829 1481 tam
1856 1416 2079 1480 multas
2102 1416 2387 1479 haereses

461 1538 552 1603 sic
580 1538 699 1601 ista
721 1534 1003 1599 Ecclesia
1030 1534 1168 1598 sola
1193 1533 1472 1598 obtinuit
1488 1581 1507 1615 ‚
1556 1549 1627 1596 ut
1666 1557 1813 1597 cum
1839 1556 2059 1597 omnes
2088 1533 2389 1598 haeretici

461 1678 530 1719 se
575 1653 938 1718 Catholicos
987 1650 1114 1715 dici
1143 1650 1338 1715 velint
1355 1699 1375 1732 ,
1433 1650 1759 1737 quaerenti
1798 1665 2013 1715 tamen
2047 1652 2385 1741 peregrino

461 1772 650 1837 alicui
662 1818 682 1853 ,
706 1771 816 1836 ubi
834 1769 916 1834 ad
933 1766 1325 1843 Catholicam
1349 1768 1792 1849 conveniatur,
1820 1768 2026 1833 nullus
2042 1768 2389 1833 haeretico-

461 1912 602 1953 rum
626 1888 725 1952 vel
748 1886 1070 1953 basilicam
1093 1908 1268 1949 suam
1293 1884 1393 1948 vel
1419 1882 1683 1949 domum
1722 1883 1954 1949 audeat
1990 1884 2383 1951 ostendere.”

547 2006 758 2094 Atque
786 2004 878 2069 sic
919 2004 1192 2093 probare
1219 2003 1339 2067 sibi
1373 2003 1538 2066 visus
1564 2018 1658 2067 est
1689 2003 2065 2091 Augustinus
2083 2049 2102 2085 ,
2152 2004 2384 2068 Catho-

459 2123 730 2189 licorum
746 2169 766 2204 ,
818 2122 924 2187 cui
955 2142 1192 2185 nomen
1227 2117 1488 2184 dederat
1504 2167 1523 2201 ‚
1572 2118 1941 2185 societatem
1988 2141 2202 2184 veram
2252 2141 2385 2184 esse

461 2240 691 2305 Christi
720 2239 1090 2303 Ecclesiam.

547 2358 709 2421 Cum
739 2333 893 2422 vero
929 2371 1104 2431 extra
1139 2378 1333 2421 unam
1360 2376 1577 2420 veram
1608 2353 1956 2420 Ecclesiam
1988 2352 2226 2451 nullam
2250 2351 2385 2417 dari

457 2474 723 2565 salutem
753 2497 878 2539 una
911 2496 1059 2539 cum
1093 2473 1436 2538 Donatistis
1474 2487 1806 2555 statuerat,
1852 2487 2077 2562 sponte
2103 2470 2252 2536 inde
2294 2494 2388 2536 ra-

455 2593 700 2656 tionem
751 2589 1176 2656 concludebat
1218 2590 1634 2679 Augustinus:
1676 2604 1851 2655 extra
1873 2589 2384 2655 communionem

459 2732 605 2773 cum
641 2708 924 2773 Ecclesia
959 2706 1290 2771 Catholica
1315 2721 1380 2771 et
1411 2706 1787 2795 Apostolica
1821 2708 2141 2773 neminem
2172 2706 2384 2771 salutis

455 2826 830 2915 participem
854 2823 991 2889 fieri
1004 2873 1024 2906 ,
1073 2823 1356 2911 adeoque
1379 2824 1501 2887 hac
1525 2823 1809 2888 exclusos
1834 2847 1967 2889 esse
1990 2824 2345 2890 Donatistas
2358 2871 2379 2906 ,

453 2942 523 3007 in
547 2942 895 3007 Ecclesiam
925 2964 1058 3006 non
1078 2939 1433 3005 redeuntes.

544 3058 824 3123 Ecclesia
871 3057 1230 3138 Catholica‚
1291 3058 1410 3140 ait,
1471 3072 1565 3121 est
1614 3080 1843 3145 corpus
1894 3058 2121 3122 Christi
2140 3104 2157 3139 ‚
2222 3057 2386 3120 sicut

456 3174 796 3266 Apostolus
823 3172 977 3239 dicit
999 3172 1267 3261 (Coloss.
1303 3175 1356 3239 Ι.
1387 3174 1532 3263 24):
1580 3176 1711 3238 Pro
1736 3197 1993 3261 corpore
2025 3177 2187 3261 ejus,
2223 3194 2385 3261 quae

456 3306 557 3358 est
571 3291 884 3357 Ecclesia.
959 3291 1126 3355 Hinc
1161 3307 1371 3355 autem
1393 3290 1792 3355 manifestum
1820 3312 1950 3355 esse
1974 3287 2130 3353 dicit
2146 3337 2165 3371 ‚
2202 3312 2382 3354 »eum

460 3412 565 3500 qui
607 3432 741 3475 non
781 3424 875 3474 est
915 3410 984 3473 in
1024 3409 1321 3474 membris
1356 3408 1588 3473 Christi
1604 3456 1623 3490 ‚
1674 3407 2087 3472 Christianam
2118 3407 2380 3471 salutem

454 3528 687 3593 habere
725 3548 859 3591 non
902 3526 1116 3617 posse”
1157 3524 1275 3615 (2).
1367 3525 1512 3589 »Ad
1536 3526 1747 3614 'ipsam
1780 3523 2042 3589 salutem
2077 3546 2152 3588 ac
2188 3524 2381 3588 vitam

455 3667 647 3712 nemo
671 3644 987 3734 pervenit,
1024 3644 1143 3708 nisi
1166 3645 1274 3731 qui
1296 3644 1487 3709 habet
1510 3658 1699 3732 caput
1721 3643 2057 3709 Christum.
2132 3642 2381 3709 Habere
2400 3682 2409 3687 ·

517 3954 597 4018 (1)
631 3952 688 4005 c.
724 3952 814 4015 Bp.
857 3946 1168 3998 fundamenti
1207 3945 1479 3997 Iunichuei
1512 3964 1557 3997 c.
1592 3947 1645 3997 2.

515 4037 594 4104 (2)
627 4038 698 4087 De
735 4034 865 4084 unit.
909 4032 1044 4082 Eccl.
1087 4030 1110 4096 ς
1143 4031 1196 4083 2.
