2917 4967
1413 362 1581 441 ‚28

577 616 695 667 ηε.
749 596 952 665 solvit
965 594 1158 665 ‘simul
1183 570 1611 685 quamdam,
1649 618 1801 685 quas
1826 598 2191 669 Donatistae
2218 604 2497 691 objicere

569 718 876 784 solebant.

657 835 857 899 Libris
873 832 1268 921 sequentibus
1289 830 1358 896 id
1379 833 1507 923 agit
1523 880 1542 916 ‚
1592 849 1664 909 ut
1686 832 2027 899 Donatistis
2050 839 2493 903 auctoritatem

571 951 866 1041 Cypriani
889 950 1146 1038 eripiat;
1185 964 1248 1014 et
1266 946 1457 1015 docet
1474 948 1725 1037 quidem
1744 950 1937 1015 Libro
1960 952 2023 1015 ΙΙ
2048 954 2489 1019 auctoritatem

567 1070 860 1160 Cypriani
900 1066 1242 1132 Donatistis
1288 1068 1501 1155 potius
1517 1115 1537 1151 ,
1598 1090 1787 1156 quam
1840 1069 2179 1135 Catholicis
2228 1072 2445 1137 obesse
2460 1121 2482 1155 ,

565 1186 672 1250 ille
701 1184 868 1249 enim
892 1198 1154 1273 propter
1179 1184 1352 1271 pacis
1384 1197 1571 1271 atque
1596 1184 1851 1249 unitatis
1874 1184 2187 1251 Ecclesiae
2208 1184 2485 1252 studium

567 1300 906 1366 decessoris
940 1301 1310 1367 sententiam
1355 1298 1434 1366 de
1474 1323 1607 1365 non
1636 1300 2023 1389 baptizandis
2046 1303 2376 1369 haereticis
2402 1302 2487 1369 ad

561 1419 906 1485 Ecclesiam
946 1416 1352 1483 'redeuntibus
1405 1418 1666 1507 recepit.
1783 1418 2001 1484 Totius
2049 1418 2483 1509 disputationis

560 1534 1036 1603 fundamentum
1063 1536 1276 1625 posuit
1292 1537 1426 1622 jam
1448 1533 1532 1599 ad
1560 1534 1751 1601 finem
1776 1534 1947 1601 Libri
1971 1538 2181 1624 primi.

649 1654 852 1719 Libris
897 1654 990 1717 III
1004 1701 1022 1735 ,
1073 1651 1164 1717 IV
1211 1667 1276 1717 et
1321 1651 1382 1717 V
1425 1652 1655 1717 refellit
1690 1676 1765 1717 ea
1778 1701 1798 1735 ,
1848 1676 2009 1740 quae
2044 1654 2389 1742 Cyprianus
2412 1655 2481 1719 in

559 1772 802 1861 scriptis
857 1770 980 1834 suis
1028 1769 1236 1834 atmlit
1295 1767 1379 1833 ad
1429 1770 1801 1835 sententiam
1842 1792 2017 1835 suam
2049 1769 2475 1860 probandam:

554 1890 934 1976 baptismum
958 1902 1130 1951 extra
1163 1885 1507 1951 Ecclesiam
1537 1883 1675 1949 dari
1700 1908 1831 1951 non
1862 1908 2067 1975 posse.
2083 1864 2096 1876 ⁰

646 2005 848 2068 Libris
861 2002 953 2067 VI
969 2018 1032 2068 et
1046 2002 1170 2068 VII
1183 2002 1529 2067 sententiae
1546 2003 2002 2091 Episcoporum
2020 2050 2040 2086 ‚
2078 2004 2183 2091 qui
2202 2004 2477 2070 concilio

558 2121 1083 2210 Carthaginiensi,
1109 2141 1262 2183 cura
1298 2134 1362 2185 et
1388 2120 1763 2186 auctoritate
1788 2118 2084 2209 Cypriani
2110 2123 2432 2189 celebrato
2450 2170 2471 2205 ,

557 2237 889 2303 adfuerunt
904 2286 922 2320 ,
941 2234 1022 2301 de
1045 2236 1416 2324 baptismate
1440 2235 1905 2303 haereticorum
1931 2237 2380 2327 expenduntur.

641 2358 830 2423 Anno
877 2353 1126 2421 criciter
1178 2358 1308 2439 400
1362 2355 1577 2444 scripti
1628 2355 1817 2419 etiam
1854 2352 2146 2420 videntur
2179 2378 2359 2421 nunu
2382 2356 2477 2420 111

557 2497 808 2542 conns
889 2494 1192 2537 urum
1255 2494 1585 2538 rantum
1660 2493 2049 2537 nonnusru
2064 2520 2083 2555 ,
2162 2495 2479 2541 claranus

550 2617 854 2662 nasoon.
1431 2648 1438 2654 .

636 2713 978 2778 Petilianus
991 2757 1009 2792 ,
1059 2709 1166 2796 qui
1201 2722 1358 2773 teste
1391 2708 1747 2798 Augustino
1782 2706 1875 2797 (1)
1914 2722 2245 2798 tantopere
2274 2709 2471 2774 incla-

547 2830 674 2894 ruit
695 2830 764 2893 in
787 2828 930 2892 foro
944 2874 964 2908 ,
995 2841 1070 2889 ut
1091 2848 1325 2890 nomen
1337 2826 1657 2913 paracleti
1680 2848 1749 2890 se
1778 2827 2191 2914 promemisse
2214 2828 2463 2913 jactita-

543 2961 642 3011 ret
659 2993 676 3026 ,
708 2945 1208 3008 Catechumenus
1229 2964 1375 3005 cum
1395 2957 1553 3006 esset
1575 2943 1642 3007 in
1663 2942 1941 3007 Ecclesia
1962 2943 2286 3009 Catholici
2298 2992 2315 3025 ,
2348 2945 2459 3009 ali-

543 3058 795 3150 quando
847 3082 883 3123 a
934 3059 1276 3122 Donatistis
1309 3059 1378 3123 in
1421 3060 1577 3123 urbe
1622 3059 1837 3124 Cirtha
1880 3060 1982 3124 vel
2010 3060 2417 3127 Constantina
2432 3111 2451 3144 ‚

540 3176 877 3266 metropoli
919 3170 1252 3239 Numidiae
1269 3222 1288 3255 ‚
1339 3190 1618 3262 arreptus
1664 3176 2015 3263 invitusque
2067 3178 2416 3267 baptizatus
2430 3228 2449 3261 ‚

537 3314 603 3363 et
624 3297 967 3384 Episcopus
994 3289 1314 3355 ordinatus
1339 3306 1432 3355 est
1460 3289 1578 3379 (2).
1628 3292 1987 3357 Acen-imus
2002 3295 2197 3381 partis
2218 3295 2454 3359 Donati

538 3411 769 3480 vindex
813 3413 1014 3476 factus
1067 3424 1162 3473 est
1178 3456 1196 3490 ,
1244 3408 1336 3473 ita
1371 3422 1444 3471 ut
1484 3408 1554 3471 in
1592 3408 1925 3475 collatione
1963 3412 2453 3502 Carthaginiensi

537 3534 768 3623 primas
828 3532 897 3595 in
963 3523 1337 3616 disputando
1399 3549 1544 3590 cum
1600 3526 1939 3591 Catholicis
1994 3544 2201 3616 partes
2228 3530 2443 3619 egerit.

533 3650 910 3740 Augustinus
958 3645 1147 3710 etiam
1191 3642 1545 3709 doctrinam
1589 3643 1647 3707 ei
1692 3667 1766 3708 ac
1807 3642 2166 3709 facundiam
2208 3644 2445 3733 abjudi-

589 3929 671 3996 (1)
701 3931 861 3994 Hujus
893 3928 1058 3993 operis
1091 3925 1199 3977 Lib.
1236 3925 1316 3974 111
1347 3925 1372 3991 ς
1411 3926 1494 3975 19.

589 4014 668 4081 (2)
701 4012 812 4062 Ibid
845 4010 952 4062 Lib.
989 4009 1041 4059 11
1076 4011 1100 4077 ς
1133 4009 1256 4060 239.
1293 4008 1449 4059 Sem.
1485 4007 1549 4058 de
1578 4008 1733 4072 ‘estis
1766 4024 1879 4060 cum
1908 4010 2123 4062 Emerita
2158 4011 2185 4079 ς
2224 4012 2276 4063 8.
