2917 4967
1370 356 1456 429 91

463 601 637 667 dium
678 610 920 687 portet,
977 594 1088 681 qui
1129 590 1334 659 diem
1383 604 1479 655 est
1524 588 1803 655 minister
1838 588 1995 671 Dei,
2040 590 2271 657 vindex
2302 596 2371 661 in

457 718 620 783 iram
651 715 778 797 eis,
825 712 934 801 qui
966 709 1129 775 mele
1153 722 1352 799 agunt
1371 705 1428 769 1⁹·
1459 706 1555 795 (ι)

547 833 661 898 Est
697 844 906 895 autem
945 828 1074 893 hoc
1107 825 1304 891 edam
1331 844 1554 915 rogum
1590 821 1871 889 officium
1908 844 2167 891 »omnes
2205 829 2379 897 euim

460 950 750 1017 homines
789 944 1020 1014 servire
1065 944 1206 1009 Deo
1257 938 1496 1007 debent
1509 986 1529 1023 ,
1574 938 1759 1007 aliter
1800 942 2125 1009 communi
2166 944 2385 1011 condi-

463 1067 671 1148 tione,
721 1085 843 1151 qua
886 1061 1174 1127 homines
1205 1072 1380 1141 sunt,
1429 1056 1611 1123 aliter
1648 1054 1907 1123 diversis
1943 1056 2159 1143 donis,
2204 1062 2383 1149 quod
2492 1118 2499 1127 .

469 1184 578 1249 ille
623 1182 800 1249 aliud
839 1179 968 1269 agit
1005 1178 1075 1243 in
1105 1176 1290 1245 rebus
1321 1174 1613 1241 humanis
1628 1220 1647 1257 ,
1694 1172 1802 1241 ine
1844 1173 2039 1243 eliud.
2132 1178 2387 1247 Habent

472 1322 648 1391 reges
663 1346 684 1382 ,
741 1312 1004 1385 excepta
1039 1294 1282 1387 generis
1315 1292 1576 1359 humani
1612 1291 1916 1358 societate
1934 1340 1953 1375 ,
1984 1316 2063 1359 eo
2090 1292 2229 1385 ipso
2254 1318 2386 1387 quo

467 1439 645 1507 reges
688 1428 863 1498 sunt,
909 1410 1079 1479 unde
1111 1413 1202 1477 sic
1245 1410 1525 1475 Domino
1552 1409 1853 1493 serviant,
1902 1410 2226 1497 quomodo
2254 1436 2389 1483 non

468 1550 728 1626 possunt
744 1580 764 1617 ,
813 1532 920 1621 qui
947 1552 1124 1621 reges
1151 1552 1286 1595 non
1303 1526 1481 1595 sunt”
1504 1525 1618 1617 (a).
1668 1526 1905 1615 Atque
1931 1548 2153 1595 eorum
2184 1546 2391 1623 potes-

473 1668 568 1717 tas
593 1652 686 1715 ita
711 1651 852 1715 Deo
878 1648 1109 1716 smine
1144 1644 1368 1729 debet,
1414 1660 1489 1711 ut
1518 1667 1635 1735 per
1674 1666 1817 1709 eam
1844 1642 2231 1733 plectentur,
2280 1651 2387 1739 qui

474 1770 704 1835 nolunt
729 1770 860 1855 ejus
891 1764 1202 1833 voluntati
1227 1764 1460 1829 servire
1494 1761 1623 1851 (3);
1648 1774 1837 1851 utque
1862 1784 2112 1850 curam,
2146 1788 2230 1833 ne
2254 1768 2394 1857 quis

475 1885 764 1952 adversus
805 1882 1151 1950 Ecclesiam
1202 1880 1465 1949 rebellet
1507 1881 1766 1969 impune
1812 1878 1927 1971 (4).

564 2004 742 2069 Haec
763 2024 916 2069 vero
943 2000 1156 2065 omnia
1180 2022 1312 2065 non
1342 1998 1587 2065 faciunt
1613 1997 1962 2081 Catholici,
2009 2014 2084 2065 ut
2108 2000 2395 2085 Donatis-

479 2122 558 2186 tis
583 2120 747 2187 mala
786 2119 1062 2185 afficiant
1076 2166 1095 2201 ,
1125 2114 1236 2183 sed
1266 2117 1526 2183 caritate
1557 2138 1704 2207 erga
1734 2137 1842 2181 eos
1868 2113 2076 2200 ducti,
2109 2140 2193 2185 ne
2218 2129 2393 2209 pebe-

480 2253 608 2304 ant.
664 2235 1131 2321 »Quaecunque
1145 2232 1200 2315 ,”
1223 2233 1428 2321 inquit
1453 2231 1833 2321 Augustinus
1848 2278 1866 2315 ,
1889 2234 2251 2303 »vobiscum
2272 2240 2395 2331 agi-

480 2379 617 2421 mus
631 2402 650 2437 ,
681 2375 1057 2442 quamquam
1071 2350 1248 2415 vobis
1271 2370 1522 2439 agamus
1541 2348 1750 2411 invitis
1769 2394 1787 2429 ,
1820 2370 1896 2413 ex
1910 2350 2165 2417 caritate
2182 2367 2393 2422 tamen

480 2473 741 2561 agimus,
756 2484 826 2535 ut
838 2468 1119 2533 volentes
1135 2487 1247 2530 vos
1263 2464 1591 2555 corrigatis
1604 2464 1997 2551 correctique
2010 2466 2147 2531 viva
2153 2468 2259 2533 tis'’
2274 2470 2388 2561 (5).

484 2586 993 2653 Persecutionem
1027 2583 1196 2649 enim
1220 2580 1428 2647 cordis
1451 2596 1713 2670 propter
1738 2580 2095 2649 Donatistas
2123 2588 2257 2676 pati
2288 2590 2399 2657 Ca.

483 2706 753 2771 tholicos
767 2701 922 2768 dicit
938 2750 956 2785 ,
985 2724 1133 2767 cum
1148 2700 1240 2765 illi
1263 2722 1328 2765 se
1349 2714 1640 2787 separent
1662 2720 1699 2763 a
1717 2700 2015 2765 membris
2024 2702 2253 2769 Christi
2266 2754 2284 2789 ,
2306 2730 2399 2773 re-

483 2823 725 2889 bellent
749 2835 969 2885 contra
985 2840 1208 2907 pacem
1218 2816 1471 2899 Christi,
1500 2832 1564 2881 et
1580 2838 1723 2881 cum
1748 2838 1857 2881 eos
1877 2818 2191 2909 corrigere
2203 2822 2401 2889 velint

489 2936 827 3019 Catholici,
861 2958 928 3001 se
953 2933 1145 3000 morti
1161 2931 1436 3016 tradant,
1466 2954 1732 3021 eamque
1753 2936 2251 3023 persecutionem
2269 2965 2402 3031 gra-

487 3057 801 3125 vissimam
825 3074 992 3119 esse.
1018 3052 1200 3141 »quia
1215 3050 1500 3117 videmus
1521 3072 1635 3116 vos
1655 3050 2034 3137 insensatos,
2060 3072 2124 3120 et
2146 3058 2404 3125 tabesci-

488 3198 644 3262 mus3
658 3170 1178 3265 quiainfirmatos,
1195 3184 1260 3235 et
1269 3168 1679 3237 infirmamur.
1697 3192 1841 3258 qma
1848 3170 2317 3261 scandalizatos,
2336 3192 2401 3243 et

489 3296 755 3376 urimur3
785 3282 927 3381 quia
944 3286 1249 3381 perditos,
1273 3302 1337 3353 et
1348 3286 1690 3378 lugemus.”
1737 3287 1937 3355 »Haec
1952 3290 2115 3357 mala
2134 3294 2401 3377 vestra,”

485 3413 575 3476 ita
593 3410 984 3500 persequitur
1007 3406 1436 3489 orationem,»
1447 3428 1609 3495 quae
1630 3427 1744 3471 vos
1769 3406 1831 3471 in
1857 3421 2177 3475 ueternum
2194 3411 2405 3478 interi-

547 3705 623 3773 (1)
659 3705 718 3759 C.
757 3704 906 3771 epist.
943 3706 1172 3756 Pei-men.
1207 3704 1317 3759 nb.
1351 3706 1376 3753 1
1410 3704 1434 3769 ς
1478 3706 1556 3753 16.

545 3789 630 3856 (2)
662 3788 720 3838 0.
747 3786 852 3836 litt.
884 3786 1036 3839 Petit.
1070 3785 1180 3840 Lib.
1211 3786 1264 3834 11
1300 3786 1325 3853 ς
1353 3786 1475 3837 210.

551 3872 632 3937 (3)
666 3870 725 3923 C.
759 3869 1010 3921 Gaudent.
1051 3868 1159 3920 Lib.
1196 3870 1221 3917 1
1251 3868 1275 3933 ς
1312 3868 1398 3919 45.

549 3958 629 4023 (4)
664 3954 794 4006 lbid.
832 3952 938 4005 Lib.
977 3954 1002 4003 1
1035 3953 1060 4020 ς
1095 3952 1182 4003 44.

549 4041 628 4106 (5)
665 4041 722 4093 C.
762 4039 865 4093 liu.
909 4036 1058 4091 Petu.
1093 4035 1198 4089 Lib.
1237 4036 1290 4085 11
1318 4036 1344 4105 ς
1382 4036 1448 4085 89
1484 4040 1535 4086 ct
1571 4032 1689 4085 217.
