2917 4967
1572 364 1663 437 96

645 600 808 665 inter
841 598 962 663 alia
998 618 1350 689 provocans
1387 596 1469 661 ad
1500 598 1829 687 parabolas
1864 621 1901 663 a
1924 597 2255 665 Servatore
2280 597 2361 667 de
2382 596 2555 691 re'gni

641 716 736 781 sui
751 714 964 781 indole
981 716 1332 805 propositas
1347 712 1557 803 (Matt.
1574 716 1746 780 XIII.
1768 714 1849 803 37
1864 736 2035 803 seqq.
2048 763 2066 798 ,
2082 718 2285 783 XXII.
2314 718 2559 807 roseq.)

640 831 892 922 duoque
918 832 1297 923 distinguens
1319 832 1635 898 Ecclesiae
1662 848 1971 921 tempora.
2008 870 2095 883 --
2118 836 2373 899 Utinam
2406 836 2559 901 ulte·

636 950 1414 1041 riusprocessissetsibique
1425 949 1786 1039 explicitum
1795 952 2216 1039 proposuisset
2225 952 2557 1015 discrimen

637 1067 934 1134 visibilem
969 1074 1134 1131 inter
1151 1081 1216 1131 et
1239 1066 1608 1133 invisibilem
1631 1068 2017 1132 Ecclesiam!
2061 1068 2205 1133 Hoc
2239 1068 2407 1133 enim
2436 1068 2556 1133 rite

633 1186 1026 1276 propositum
1040 1199 1104 1249 et
1122 1184 1455 1273 probatum
1476 1184 1529 1248 si
1549 1184 1931 1249 obmovisset
1955 1183 2295 1250 Donatistis
2318 1231 2338 1268 ‚
2379 1207 2554 1273 prae-

638 1303 872 1369 claram
895 1300 976 1368 de
999 1302 1076 1367 iis
1097 1301 1428 1366 victoriam
1450 1324 1596 1366 eum
1620 1316 2085 1390 reportaturum
2109 1301 2295 1366 fuisse
2310 1348 2329 1383 ,
2356 1300 2550 1366 dubio

635 1436 828 1487 caret.
921 1420 1095 1485 Haec
1128 1435 1341 1485 tamen
1371 1417 1693 1483 distinctio
1718 1420 2166 1509 posterioribus
2188 1434 2429 1485 servata
2453 1434 2547 1483 est

631 1536 1035 1627 temporibus.
1127 1536 1292 1601 Nam
1341 1552 1404 1612 et
1447 1536 1581 1625 ipse
1613 1536 1993 1627 Augustinus
2037 1536 2313 1623 ejusdem
2326 1583 2346 1619 ‚
2380 1538 2551 1621 cujus

626 1654 988 1719 Donatistae
1005 1700 1024 1735 ‚
1073 1652 1302 1719 erroris
1339 1652 1483 1717 labe
1522 1652 1640 1717 fuit
1674 1652 1965 1719 infectus.
2061 1651 2229 1733 Quid
2274 1652 2443 1717 enim
2479 1652 2550 1717 il-

629 1771 738 1839 lud
755 1819 774 1854 ,
835 1768 1008 1859 quod
1055 1784 1232 1835 tanto
1300 1770 1513 1835 animo
1560 1786 1783 1835 contra
1829 1769 2189 1835 Donatistas
2232 1767 2545 1835 defendit:

635 1888 1130 1955 Catholicismum
1153 1910 1290 1951 esse
1311 1900 1524 1951 notam
1548 1886 2118 1951 characteris-ticam
2138 1909 2316 1951 verae
2330 1888 2394 1951 E
2394 1887 2549 1951 ccle-

627 2008 807 2071 siae?
891 2004 1118 2069 Nonne
1163 2002 1336 2068 idem
1385 2001 1541 2069 dicit
1558 2051 1576 2086 ,
1626 2018 1812 2091 atque
1858 2002 2169 2067 internam
2218 2018 2283 2067 et
2330 2024 2545 2067 veram

625 2122 970 2189 Ecclesiam
989 2121 1216 2185 Christi
1232 2168 1250 2203 ,
1298 2118 1645 2187 secundum
1670 2118 1896 2184 faciem
1930 2140 2103 2183 suam
2130 2118 2505 2183 exteriorem
2518 2166 2537 2203 ,

625 2262 914 2331 magnam
938 2261 1186 2329 semper
1201 2239 1269 2304 in
1291 2237 1528 2303 mundo
1549 2237 1755 2301 facere
1785 2233 2249 2301 multitudinem
2273 2258 2389 2325 per
2410 2258 2543 2301 om-

625 2380 734 2423 nes
761 2372 965 2423 terrae
995 2372 1208 2447 gentes
1239 2353 1623 2445 dispersam?
1692 2354 1780 2417 At
1803 2376 1991 2419 vero:
2040 2375 2253 2419 nonne
2273 2355 2365 2419 ita
2390 2370 2544 2420 nota

622 2473 948 2541 invisibilis
969 2448 1285 2541 Ecclesiae
1306 2472 1537 2539 visibili
1555 2470 1891 2537 tribuitur?
1915 2472 2111 2537 Recte
2134 2471 2303 2537 enim
2327 2487 2546 2537 monet

615 2590 1072 2680 vrra1noa(1):
1165 2622 1191 2647 ι
1205 2589 1679 2655 Catholicismus
1714 2603 1808 2653 est
1832 2588 2198 2654 attributum
2222 2589 2549 2654 Ecclesiae

616 2714 898 2775 internae
911 2756 930 2791 ,
978 2709 1102 2774 hoc
1143 2728 1324 2773 sensu
1340 2754 1360 2788 ,
1411 2704 1580 2793 quod
1607 2706 1893 2795 Regnum
1920 2705 2151 2771 Christi
2175 2706 2495 2795 spirituale
2518 2753 2537 2787 ,

617 2828 772 2893 nulli
803 2842 979 2893 certo
1005 2825 1153 2891 loco
1188 2838 1294 2888 aut
1317 2823 1488 2913 genti
1521 2820 1884 2888 adstrictum
1905 2870 1923 2905 ,
1962 2844 2181 2888 omnes
2205 2822 2415 2911 capiat
2440 2844 2543 2887 cu·

612 2949 957 3033 juscunque
1006 2940 1241 3007 ordinis
1292 2956 1360 3006 et
1407 2937 1788 3005 conditionis
1828 2939 2114 3005 homines
2128 2987 2147 3021 ,
2198 2938 2307 3025 qui
2348 2937 2541 3003 fidem

619 3059 939 3151 Euangelii
979 3082 1122 3125 cum
1161 3080 1322 3147 puro
1355 3058 1544 3123 animi
1576 3028 1668 3122 sini
1696 3056 1931 3122 affectu
1956 3056 2319 3144 suscipiunt.
2414 3052 2541 3119 Sed

616 3177 750 3265 quis
776 3173 996 3241 docuit
1021 3175 1436 3265 Augustinum
1451 3222 1471 3257 ,
1522 3173 2036 3239 Catholicismum
2077 3169 2379 3259 ejusmodi
2427 3194 2540 3235 ex-

617 3300 900 3357 teriorem
918 3339 937 3374 ,
988 3312 1112 3377 quo
1158 3289 1441 3355 Ecclesia
1480 3290 1815 3355 maximam
1855 3288 2295 3378 complectitur
2337 3288 2539 3353 homi-

615 3435 768 3477 num
792 3407 1252 3477 multitudinem
1269 3456 1288 3491 ,
1336 3430 1450 3498 per
1485 3411 1697 3473 omnia
1724 3408 1867 3473 loca
1892 3408 2061 3481 orbis
2084 3423 2392 3472 terrarum
2422 3405 2537 3471 dif-

616 3529 816 3595 fusam
831 3576 850 3611 ,
901 3550 1030 3593 esse
1058 3530 1529 3615 χαρακτηρισμόν
1558 3547 1743 3590 verae
1772 3522 2139 3589 Ecclesiae?
2180 3522 2535 3613 Prophetiis

615 3646 783 3711 enim
811 3644 890 3708 de
922 3644 1327 3733 amplitudine
1365 3651 1545 3731 regni
1576 3642 1832 3721 Christi,
1884 3662 2034 3727 quas
2065 3641 2442 3731 Augustinus
2470 3643 2537 3705 in

613 3762 784 3827 hunc
811 3782 1076 3849 scopum
1103 3758 1414 3825 adducere
1437 3758 1599 3825 solet
1617 3805 1636 3840 ,
1682 3780 1861 3823 suum
1886 3771 2097 3848 potest
2118 3754 2364 3823 abunde
2391 3778 2538 3823 con-
2578 3760 2585 3771 ’

669 4034 752 4098 (l)
787 4032 838 4083 1..
869 4048 923 4091 ρ.
959 4031 1068 4087 uh.
1106 4032 1168 4087 V.
1205 4048 1254 4083 o·
1289 4032 1341 4085 9.
1381 4029 1406 4099 ς
1443 4032 1496 4087 8.
1534 4032 1589 4085 Τ.
1628 4030 1699 4087 11.
1735 4046 1787 4097 p.
1828 4032 1941 4081 115.
1978 4032 2056 4081 8·-
2091 4030 2219 4085 edito
