2917 4967
1506 296 1593 371 18

679 536 866 601 Anno
883 552 1090 599 rursus
1106 532 1232 614 348
1241 533 1590 623 Imperator
1612 534 1799 599 simili
1821 534 2015 601 modo
2040 536 2135 601 rei
2159 535 2500 604 conficien-

595 650 712 719 dae
767 652 1114 743 periculum
1165 650 1316 715 fecit
1331 698 1352 734 ,
1407 650 1607 718 Paulo
1650 666 1715 717 et
1758 650 2041 719 Macar-io
2098 653 2167 717 in
2220 654 2503 721 Africam

593 770 790 837 missis
804 817 823 853 ‚
901 783 972 835 ut
1050 767 1479 859 largitionibus
1562 768 1915 835 Donatistas
1995 770 2368 861 Imperatori
2440 786 2507 839 et

593 912 743 957 vero
791 887 1105 953 Ecclesiae
1153 885 1561 953 devincirent.
1653 888 1811 953 Cum
1852 910 2003 955 vero
2051 887 2131 953 ad
2182 888 2502 956 Donatum

593 1008 930 1088 venissent,
959 1004 1099 1070 hic:
1154 1004 1328 1095 Quid
1349 1018 1446 1070 est
1470 1006 1857 1095 Imperatori.
1876 1028 2017 1071 cum
2047 1006 2340 1073 Ecclesia
2368 1006 2502 1098 (1),

591 1124 795 1213 inquit
811 1170 832 1207 ,
879 1144 1134 1188 omnem
1169 1124 1350 1210 hujus
1391 1120 1727 1214 repudians
1764 1123 2264 1189 benevolentiam
2320 1138 2507 1215 atque

590 1240 764 1331 pacis
817 1233 1232 1307 restituendae
1277 1258 1518 1307 curam.
1610 1240 1873 1307 Littem
1919 1238 2079 1307 adeo
2126 1264 2243 1331 per
2288 1262 2509 1309 omnes

594 1358 946 1449 provincias
995 1358 1162 1423 misit
1179 1406 1198 1442 ,
1257 1374 1330 1423 ut
1375 1358 1583 1425 socios
1628 1380 1771 1425 suos
1812 1359 1933 1424 hac
1976 1357 2057 1424 de
2091 1382 2163 1424 re
2207 1358 2509 1425 certiores

595 1474 888 1543 redderet
903 1524 924 1561 ,
950 1490 1014 1543 et
1039 1476 1365 1543 consilium
1382 1477 1785 1567 Imperatoris
1802 1476 2049 1541 irritum
2070 1474 2383 1543 redderet.
2412 1477 2511 1543 Ita

598 1616 744 1659 cum
763 1593 952 1685 legati
974 1592 1067 1659 illi
1093 1592 1174 1659 ad
1195 1595 1489 1685 Bagaiam
1506 1608 1805 1659 venerant
1819 1641 1837 1677 ‚
1858 1592 2511 1684 DonatistarumEpis-

597 1734 794 1800 copus
819 1734 1038 1777 omnes
1067 1734 1106 1777 e
1131 1711 1360 1777 vicinia
1383 1710 1935 1777 Circumcelliones
1968 1710 2223 1803 collegit
2238 1760 2257 1795 ‚
2290 1727 2364 1777 ut
2391 1712 2511 1777 im·

595 1826 842 1919 pedit-et
856 1876 876 1912 ‚
937 1829 1268 1917 quominus
1319 1828 1414 1893 illi
1455 1828 1770 1895 civitatem
1815 1830 2141 1895 intrarent.
2234 1828 2341 1895 Sic
2380 1830 2513 1895 vim

598 1944 808 2011 facere
859 1945 1066 2010 coacti
1113 1944 1384 2011 flierunt.
1496 1942 1681 2011 Unde
1726 1944 1807 2011 ab
1848 1946 1975 2011 hoc
2020 1944 2171 2011 inde
2225 1960 2515 2036 tempore

597 2064 865 2129 maxime
889 2063 1187 2128 saevitum
1211 2078 1303 2127 est
1325 2062 1394 2127 in
1411 2061 1767 2129 Donatistas
1787 2110 1805 2145 ‚
1837 2060 2121 2153 inprimis
2144 2063 2213 2127 in
2229 2064 2515 2129 Circum-

601 2181 918 2247 celliones.
1009 2179 1342 2246 Privantur
1371 2179 1679 2264 basilicis3
1714 2180 1909 2247 cultui
1940 2202 2121 2246 sacro
2152 2179 2515 2246 Catholico·

597 2322 740 2365 rum
763 2299 1058 2364 interesse
1081 2312 1424 2391 coguntur3
1455 2299 1659 2389 plura.
1728 2298 1867 2388 Ipse
1898 2297 1966 2364 in
1992 2296 2179 2364 exilio
2202 2298 2469 2363 morimr
2487 2343 2509 2380 ‚

509 2478 516 2489 ,
598 2430 786 2507 caput
811 2412 1153 2481 schismatis
1167 2462 1186 2499 ‚
1235 2414 1517 2481 Donatus
1558 2415 1842 2506 Magnus.

685 2533 1025 2621 Postquam
1057 2548 1265 2599 autem
1291 2535 1422 2619 jam
1445 2533 1589 2622 plus
1610 2546 1757 2597 satis
1786 2532 2089 2597 saevitum
2116 2546 2253 2597 erat
2282 2532 2351 2597 in
2382 2530 2517 2597 Do·-

599 2652 853 2717 natistas
870 2700 888 2735 ,
919 2666 1104 2739 atquo
1129 2652 1410 2717 restituta
1437 2651 1641 2716 unitas
1665 2644 1982 2717 Ecclesiae
2016 2650 2511 2733 existimabatur,

601 2794 768 2837 anno
809 2770 935 2855 349
983 2769 1355 2859 Cartbagine
1407 2766 1791 2833 celebratum
1826 2782 1919 2834 est
1962 2768 2302 2835 concilium
2320 2814 2339 2851 ‚
2389 2790 2517 2855 quo

604 2885 731 2952 duo
755 2885 1075 2953 constituti
1096 2901 1240 2951 sunt
1261 2906 1533 2951 canones
1550 2908 1569 2969 ς
1600 2885 1757 2951 alter
1780 2900 2002 2951 contra
2018 2884 2307 2975 baptismi
2328 2884 2517 2951 itera·

603 3004 842 3069 tionem
866 3050 884 3085 ‚
915 3003 1074 3067 alter
1097 3024 1176 3067 ne
1198 3016 1501 3091 martyres
1524 3000 1912 3086 colerentur,
1948 3001 2053 3091 qui
2073 3024 2139 3069 se
2156 3016 2263 3067 aut
2282 3001 2521 3093 praeci-

601 3120 764 3211 pites
815 3115 1120 3183 dederant
1134 3165 1153 3201 ,
1202 3132 1308 3183 aut
1350 3117 1477 3183 alio
1530 3118 1806 3208 quodam
1850 3134 2041 3210 pacto
2086 3106 2359 3186 mortem
2396 3118 2519 3185 sibi

604 3236 724 3327 ipsi
755 3235 1187 3301 consciverant
1215 3250 1321 3301 aut
1351 3234 1623 3302 interfici
1650 3252 2028 3305 meruerant.

693 3353 1013 3419 Sublatam
1089 3367 1298 3419 tamen
1377 3352 1721 3421 Donatistis
1791 3354 2143 3422 libertatem
2165 3403 2184 3438 ,
2264 3366 2521 3419 mortuo

605 3470 1019 3537 Constantino
1039 3518 1057 3553 ‚
1085 3490 1254 3535 anno
1273 3468 1391 3537 361
1412 3519 1430 3555 ‚
1457 3471 1533 3536 iis
1555 3472 1825 3539 restituit
1849 3470 1883 3537 J
1885 3471 2123 3537 ulianus
2142 3472 2513 3561 Imperator.

605 3592 700 3657 Ex
734 3590 920 3656 exilio
945 3610 1114 3653 nunc
1143 3586 1465 3655 redierunt
1486 3589 1783 3680 Episcopi
1812 3612 2029 3656 eorum
2049 3636 2068 3673 ,
2094 3592 2228 3675 jam
2252 3610 2361 3654 sua
2378 3586 2523 3653 vice

603 3708 673 3773 in
703 3705 1064 3772 catholicos
1095 3706 1350 3795 impune
1381 3704 1743 3773 saevientes.

667 3968 744 4033 (1)
781 3968 1006 4019 onnus
1039 3966 1074 4017 l.
1115 3982 1162 4021 c.
1197 3966 1302 4019 Lib.
1331 3966 1428 4022 111.
1458 3984 1519 4022 e.·
1546 3970 1597 4024 3.
