2917 4967
1437 402 1529 473 92

525 648 658 697 tum
675 631 954 711 mittunt,
977 629 1245 695 amarius
1265 650 1381 709 nos
1400 646 1852 719 persequuntur
1865 678 1883 713 ,
1912 653 2101 719 quam
2116 633 2225 698 illa
2238 680 2257 715 ,
2286 655 2443 721 quae

523 772 562 813 a
601 749 779 813 vobis
825 748 1054 812 nostris
1101 747 1469 835 corporibus
1483 795 1502 830 ,
1558 747 1660 813 vel
1712 748 1898 812 rebus
1917 795 1936 830 ,
1996 749 2101 814 vel
2153 748 2445 814 domibus

522 880 631 929 aut
671 864 944 929 basilicis
971 863 1340 928 inferuntur.
1431 864 1643 929 Minus
1666 866 2108 953 persequimini
2126 914 2145 949 ,
2195 890 2340 931 cum
2372 867 2441 931 in

521 1004 639 1047 nos
675 981 920 1046 saevitis
938 1027 957 1062 ,
1005 1002 1192 1067 quam
1243 1002 1388 1045 cum
1434 1003 1548 1045 vos
1592 981 1834 1071 peritis.
1927 981 2212 1070 Denique
2238 985 2307 1047 in
2330 983 2441 1047 illa

519 1100 987 1188 persecutione,
1035 1118 1160 1184 qua
1203 1096 1272 1161 in
1319 1120 1436 1161 nos
1470 1098 1717 1162 saevitis
1734 1145 1753 1180 ‚
1804 1120 1949 1162 cum
1984 1097 2168 1163 laude
2208 1098 2439 1188 gaude-

519 1237 692 1279 mus:
723 1215 792 1278 in
811 1215 931 1277 hac
955 1228 1162 1277 autem
1176 1258 1196 1295 ,
1229 1236 1352 1301 qua
1379 1234 1493 1277 vos
1516 1214 1732 1301 peritis
1750 1261 1769 1295 ,
1804 1214 1857 1277 si
1879 1214 2071 1304 gavisi
2095 1213 2393 1279 fuerimus
2408 1261 2429 1296 ,

485 1306 490 1313 Ι
517 1328 821 1421 perimus’'
850 1328 965 1417 (1).
1055 1327 1412 1417 Aliquando
1434 1338 1587 1394 vei-o
1607 1378 1626 1412 ,
1673 1330 1944 1417 objectis
1972 1331 2034 1394 ei
2057 1332 2435 1418 persecutio-

519 1472 670 1513 num
694 1447 872 1513 malis
888 1496 907 1529 ,
947 1446 1138 1513 dixit:
1186 1447 1291 1510 »Si
1317 1462 1497 1537 putas
1520 1449 1761 1513 moveri
1786 1470 1903 1512 nos
1926 1462 2219 1535 oportere
2238 1495 2256 1530 ,
2288 1448 2435 1535 quia

515 1568 638 1631 isto
689 1563 884 1631 modo
931 1579 1032 1629 tot
1081 1564 1277 1629 millia
1329 1564 1719 1629 moriuntur:
1777 1579 2078 1652 quantum
2124 1564 2433 1629 existimas

514 1706 632 1749 nos
683 1683 916 1747 habere
961 1682 1405 1747 consolationis
1422 1729 1441 1764 ,
1491 1681 1663 1771 quod
1720 1706 1757 1747 a
1810 1696 1984 1749 tanta
2016 1680 2331 1747 dementia
2352 1716 2431 1733 —

513 1801 702 1891 longe
727 1799 910 1889 plura
935 1799 1134 1865 millia
1160 1799 1562 1867 liberaum?

575 2098 658 2169 (1)
685 2102 742 2155 c.
781 2102 941 2154 ema.
978 2102 1085 2156 m».
1121 2104 1199 2172 ις
1238 2104 1324 2158 2⁶.
