2917 4967
1484 424 1579 497 60

531 678 807 747 semper
848 678 1160 723 memores
1178 704 1197 740 ,
1255 672 1360 723 »ut
1405 658 1775 725 sufferentes
1806 661 2081 728 invicem
2125 664 2484 735 studeamus

553 796 804 839 servare
824 775 1127 839 unitatem
1157 774 1406 864 spiritus
1437 775 1508 840 in
1532 777 1790 841 vinculo
1814 778 2020 867 pacis'’
2054 778 2173 870 (1).

639 892 727 957 At
761 914 914 958 vero
953 892 1329 983 Augustinus
1361 916 1509 957 cum
1534 895 1742 960 bonos
1778 918 1852 960 ac
1878 897 2079 962 malos
2102 899 2171 963 in
2198 900 2481 967 Ecclesia

547 1010 918 1075 commixtos
937 1032 1068 1075 esse
1086 1009 1318 1076 debere
1341 1009 1784 1094 contenderet,
1814 1029 1999 1101 atque
2022 1032 2278 1105 negaret
2292 1038 2468 1106 ‚per-

547 1126 780 1192 fectam
820 1126 1102 1191 omniurn
1127 1126 1445 1192 Ecclesiae
1478 1128 1801 1193 sociorum
1831 1132 2227 1198 sanctitatem
2257 1148 2476 1199 notam

547 1248 678 1331 ejus
725 1241 1112 1311 diacriticam
1157 1267 1290 1309 esse
1309 1291 1328 1326 ,
1375 1244 1563 1309 facile
1594 1245 1729 1333 quis
1756 1247 2108 1313 existimare
2130 1250 2465 1337 potuisset,

545 1382 689 1427 eum
712 1362 1006 1426 virtutem
1033 1362 1378 1426 sanctitatis
1405 1360 1717 1453 denegare
1739 1364 2079 1431 Ecclesiae.
2128 1366 2475 1457 Propterea

541 1494 818 1544 mentem
841 1501 1018 1543 suam
1049 1476 1131 1542 de
1165 1500 1240 1541 ea
1276 1478 1535 1567 exponit
1552 1526 1569 1561 ‚
1609 1480 1931 1568 qualisque
1961 1482 2251 1547 sanctitas
2274 1483 2334 1548 ei
2358 1484 2469 1548 tri-

543 1594 794 1663 buenda
825 1596 904 1661 sit
918 1644 937 1679 ,
987 1593 1226 1660 definit.

629 1713 946 1780 Ecclesiae
967 1728 1256 1801 tempora
1275 1711 1711 1803 distinguenda
1734 1738 1867 1781 esse
1889 1733 2107 1783 monet
2130 1733 2194 1783 et
2216 1717 2469 1806 quidem

543 1831 671 1898 duo
702 1831 818 1921 (2).
909 1832 1224 1896 Praesens
1260 1852 1491 1920 nempe
1536 1846 1602 1896 et
1624 1832 1921 1919 futurum
1936 1882 1955 1917 ,
2005 1835 2170 1900 sicut
2204 1858 2278 1899 ea
2303 1858 2469 1901 nunc

541 1966 635 2019 est
669 1948 984 2032 mortalis,
1030 1949 1077 2014 i.
1127 1971 1186 2013 e.
1231 1970 1308 2012 ex
1346 1948 1714 2013 mortalibus
1744 1950 2107 2016 hominibus
2136 1965 2425 2015 constans
2443 1998 2462 2033 ,

539 2087 690 2137 tunc
717 2083 924 2132 autem
953 2064 1328 2140 immortalis
1351 2065 1471 2129 erit
1485 2112 1504 2147 ,
1542 2060 1792 2153 quando
1817 2067 1887 2130 in
1914 2090 1990 2132 ea
2018 2089 2206 2131 nemo
2234 2046 2461 2133 morie-

537 2204 661 2255 tur.
753 2186 828 2250 In
873 2206 980 2267 ea,
1042 2205 1200 2270 quae
1249 2204 1420 2247 nunc
1468 2197 1597 2265 est,
1644 2182 1926 2248 Ecclesia
1943 2231 1961 2267 ,
2008 2184 2163 2250 boni
2207 2200 2270 2250 et
2308 2185 2460 2251 mali

539 2302 863 2373 commixti
890 2314 1061 2382 sunt3
1107 2300 1178 2364 in
1207 2321 1282 2364 ea
1298 2346 1318 2381 ,
1367 2322 1529 2387 quae
1556 2300 1706 2382 erit,
1755 2323 1887 2365 non
1912 2300 2031 2365 nisi
2054 2303 2275 2368 saneti.
2345 2302 2460 2367 At-

541 2448 660 2513 que
701 2424 828 2487 hoc
865 2421 917 2485 si
953 2432 1240 2485 teneatur
1257 2464 1275 2500 ,
1322 2417 1691 2508 intelligitur
1706 2464 1726 2499 ,
1774 2417 2097 2505 quomodo
2133 2420 2202 2483 in
2238 2419 2459 2485 litteris

457 2576 463 2583 ·
535 2541 726 2607 sacris
760 2561 931 2604 nunc
965 2535 1145 2601 malis
1177 2557 1252 2599 ac
1300 2534 1485 2600 bonis
1527 2550 1813 2601 constare
1831 2582 1849 2618 ,
1898 2558 2071 2601 nunc
2109 2560 2265 2602 vero
2315 2537 2460 2602 solis

523 2659 714 2726 bonis
746 2655 872 2723 dici
902 2655 1121 2747 possit.
1186 2653 1278 2717 Ut
1303 2674 1456 2717 vero
1492 2650 1816 2735 ostendat,
1853 2651 1981 2718 duo
2014 2654 2123 2719 illa
2145 2654 2461 2721 Ecclesiae

531 2790 821 2865 tempora
853 2773 920 2837 in
953 2770 1176 2836 litteris
1202 2769 1394 2833 sacris
1422 2767 1691 2833 indicari
1710 2816 1728 2852 ,
1764 2786 2198 2859 argumentum
2221 2770 2395 2836 ducit
2422 2794 2459 2837 e

534 2893 769 2958 duabus
788 2888 1264 2980 piscationibus,
1295 2908 1561 2974 quarum
1583 2885 1671 2951 ibi
1694 2887 1933 2950 mentio
1958 2886 2053 2969 fit,
2088 2909 2357 2975 quasque
2378 2886 2475 2951 ad·

531 3010 790 3083 minima
827 3027 1023 3092 usque
1061 3004 1351 3092 explicat.
1432 3002 1576 3090 Ipsa
1612 3002 1719 3066 hic
1760 3000 2090 3067 afferemus
2126 3000 2457 3090 Augustini

523 3126 745 3191 verba.
811 3122 1024 3187 »Haec
1055 3117 1215 3185 duo”
1232 3166 1251 3202 ,
1287 3116 1491 3206 inquit
1506 3164 1525 3200 ,
1559 3133 1886 3205 »tempora
1910 3116 2227 3181 Ecclesiae
2244 3164 2262 3200 ,
2296 3140 2457 3205 quae

530 3263 698 3309 nunc
725 3256 818 3307 est
835 3286 854 3323 ,
902 3254 968 3305 et
993 3218 1188 3326 qualis
1213 3251 1364 3300 tunc
1390 3234 1511 3301 erit
1526 3281 1544 3317 ,
1596 3232 1941 3323 significata
1965 3247 2059 3297 est
2088 3233 2277 3297 etiam
2308 3232 2455 3299 dua-

526 3326 643 3426 iius
694 3355 1178 3449 piscationibus:
1238 3374 1364 3415 una
1411 3365 1556 3416 ante
1600 3349 2128 3415 resurrectionem
2179 3350 2409 3415 Christi
2427 3398 2446 3435 ,

529 3475 779 3566 quando
805 3473 969 3539 mitti
992 3470 1171 3559 jussit
1195 3469 1354 3535 retia
1369 3516 1387 3552 ,
1437 3490 1559 3533 nec
1584 3467 1893 3532 sinistram
1912 3515 1931 3550 ,
1980 3490 2099 3532 nec
2131 3465 2452 3535 dexteram

524 3597 853 3679 nominans
885 3604 1132 3681 partem
1148 3637 1167 3672 ,
1213 3603 1285 3651 ut
1323 3609 1443 3652 nee
1478 3584 1649 3652 solos
1690 3585 1889 3650 malos
1906 3633 1925 3668 ,
1974 3608 2093 3651 nec
2139 3586 2306 3651 solos
2331 3588 2448 3652 bo-

523 3736 672 3795 nos,
729 3709 841 3777 sed
889 3707 1262 3775 commixtos
1305 3704 1494 3770 bonis
1548 3702 1747 3769 malos
1788 3702 1956 3767 intra
2000 3703 2159 3768 retia
2196 3724 2449 3769 suorum

542 3918 720 3933 -—-

585 4029 666 4097 (1)
701 4026 835 4079 lhid.
873 4020 982 4076 mh.
1020 4021 1099 4072 111
1133 4021 1158 4088 ς
1199 4020 1282 4072 16.
1319 4018 1469 4071 Cous.
1506 4022 1561 4069 et
1594 4018 1705 4071 nb.
1743 4018 1797 4069 11
1830 4019 1857 4086 ς
1892 4017 1981 4070 25.

581 4117 662 4183 (2)
695 4112 890 4168 Brevin.
925 4108 1108 4163 Callet.
1143 4105 1197 4162 d.
1219 4103 1342 4173 1115
1382 4103 1477 4160 16.
1512 4101 1577 4156 ad
1606 4102 1790 4157 Donat.
1824 4120 1886 4173 p.
1940 4102 2121 4156 Callet.
2161 4102 2185 4172 ς
2227 4103 2290 4156 10
2308 4106 2364 4156 et
2387 4104 2468 4156 12.
