2917 4967
1490 364 1579 440 14

561 606 856 697 Episcopi
877 622 1110 689 autem,
1123 606 1232 694 qui
1257 626 1406 671 cum
1427 604 1746 691 Majorino
1771 604 2111 689 faciebant,
2140 607 2492 673 Constanti-

559 748 714 791 num
755 722 1044 791 adierunt
1089 736 1374 813 petentes
1387 770 1408 805 ‚
1459 736 1533 787 ut
1576 718 1819 788 Galliae
1866 722 2165 813 Episcopi
2201 726 2489 791 nonnulli

554 840 816 929 iudices·
838 864 986 909 suae
1028 862 1250 907 causae
1299 840 1853 924 constituerentur,
1898 840 2133 930 quippe
2172 865 2329 930 quos
2352 866 2494 932 par-

561 959 723 1025 tium
751 956 962 1025 studio
983 978 1214 1023 vacuos
1243 978 1376 1023 esse
1399 958 1762 1025 censebant.
1842 956 1987 1023 Hoc
2012 958 2087 1023 iis
2112 958 2493 1049 gratificatus

561 1093 656 1143 est
695 1076 1068 1165 Imperator.
1155 1075 1344 1141 Iussit
1377 1075 1549 1141 enim
1564 1122 1585 1157 ‚
1613 1090 1686 1140 ut
1706 1091 1835 1141 tres
1861 1075 2159 1166 Episcopi
2184 1097 2262 1141 ex
2286 1076 2489 1142 Gallia

565 1215 692 1259 una
721 1216 869 1259 cum
892 1192 1178 1259 Miltiade
1196 1240 1218 1277 ,
1265 1193 1587 1285 Episcopo
1614 1192 1907 1259 Romano
1920 1240 1941 1275 ,
1972 1194 2215 1259 Romae
2240 1216 2491 1259 causam

564 1309 1001 1399 dijudicarent.
1076 1310 1240 1375 Tum
1265 1325 1331 1377 et
1359 1310 1789 1379 Caecilianum
1812 1334 1960 1377 cum
1989 1308 2213 1377 decem
2233 1310 2489 1400 Episco-

562 1429 661 1519 pis
688 1428 808 1518 ipsi
837 1427 1102 1495 addictis
1127 1443 1194 1495 et
1213 1406 1483 1495 totidem
1506 1428 1857 1519 Episcopus
1885 1428 2079 1516 partis
2104 1426 2491 1494 adversariae

563 1546 837 1611 Romam
889 1546 1226 1613 arcessivit.
1341 1542 1777 1612 consederunt
1844 1546 2142 1636 Episcopi
2189 1544 2433 1633 judices
2462 1596 2483 1629 ‚

565 1663 788 1753 quibus
812 1664 1158 1755 Episcopus
1178 1664 1501 1729 Romanus
1537 1661 1612 1729 15
1640 1662 1989 1753 Episcopos
2016 1685 2092 1728 ex
2117 1664 2296 1729 Italia
2318 1662 2492 1729 addi-

565 1779 776 1865 derat,
823 1780 868 1847 6
910 1781 1126 1848 Nonas
1149 1780 1448 1847 Octobris
1476 1780 1625 1845 anni
1665 1778 1817 1846 313.
1907 1780 2031 1845 Res
2061 1802 2178 1869 per
2212 1779 2488 1845 triduum

569 1915 712 1966 acta
747 1914 864 1967 est.
941 1897 1300 1965 Adversarii
1337 1897 1680 1963 Caeciliani
1704 1897 2043 1989 praecipue
2082 1900 2485 1987 objecerunt,

567 2040 715 2085 eum
743 2017 822 2082 ab
845 2018 1129 2083 universa
1152 2015 1340 2106 plebe
1365 2014 1864 2106 Carthaginiensi
1889 2030 2247 2081 accusatum
2273 2014 2483 2082 fuisse.

569 2134 772 2201 Multa
820 2133 943 2199 alia
985 2133 1416 2225 protulerunt,
1464 2154 1624 2221 quae
1664 2146 1880 2199 tamen
1923 2133 2027 2199 vel
2056 2133 2329 2225 probare
2360 2156 2493 2199 non

569 2265 896 2341 poterant,
924 2250 1027 2317 vel
1051 2250 1256 2315 futilia
1287 2264 1497 2333 erant,
1517 2249 1621 2315 vel
1642 2247 1725 2315 de
1754 2250 1977 2339 quibus
1994 2248 2303 2337 judicium
2323 2250 2493 2317 ferre

561 2366 806 2456 judices
819 2390 971 2435 -non
1016 2367 1432 2435 necessarium
1466 2362 1916 2434 existimarunt.
1988 2366 2244 2433 Donato
2270 2384 2495 2435 contra

567 2488 895 2575 objicitur,
959 2482 1135 2574 quod
1203 2484 1474 2551 schisma
1552 2484 1791 2550 fecerat
1856 2486 2235 2577 Carthagine
2251 2533 2270 2570 ,
2338 2488 2493 2553 Cae-

567 2604 798 2670 ciliano
847 2600 1053 2668 adhuc
1083 2600 1593 2667 Archidiacono:
1644 2604 1819 2688 cujus
1848 2602 2129 2667 criminis
2166 2603 2359 2669 etiam
2398 2619 2493 2669 ost

569 2722 927 2803 convictus,
985 2720 1120 2809 ipse
1168 2742 1315 2785 cum
1357 2719 1661 2785 fateretur
1688 2741 1759 2784 se
1790 2734 1946 2784 tunc
1984 2720 2398 2809 rebaptizasse
2426 2736 2492 2789 et

567 2861 822 2905 manum
850 2838 1037 2927 lapsis
1080 2838 1470 2927 imposuisse.
1562 2836 1905 2903 Damnatus
1942 2838 2133 2928 igitur
2170 2836 2453 2903 Donatus
2466 2886 2487 2922 ,

569 2956 794 3021 ceteris
824 2976 977 3019 vero
1010 2954 1340 3042 Episcopis
1381 2976 1529 3019 cum
1552 2975 1632 3018 eo
1657 2953 2027 3019 facientibus
2062 2954 2142 3021 ad
2173 2956 2493 3023 Ecclesiae

567 3070 931 3137 Catholicae
963 3070 1481 3136 communionem
1506 3067 1811 3137 redeundi
1836 3071 2017 3161 optio
2044 3070 2192 3139 data
2216 3089 2344 3158 est,
2380 3075 2491 3139 ubi

565 3204 632 3255 et
647 3156 800 3253 suos
825 3189 1102 3252 honores
1124 3186 1491 3253 retinerent.

613 3306 780 3371 Acta
827 3302 1084 3371 concilii
1131 3300 1214 3367 ad
1240 3304 1693 3393 Imperatorem
1719 3306 1905 3371 missa
1932 3323 2097 3373 sunt.
2189 3308 2489 3401 Episcopi
2552 3367 2565 3381 .

563 3439 778 3490 autem
827 3420 1298 3487 Donatistarum
1340 3443 1487 3487 cum
1536 3444 1605 3489 se
1639 3423 1841 3489 victos
1873 3422 2204 3508 videbant,
2228 3425 2297 3491 in
2324 3426 2490 3491 Afri-
2546 3493 2551 3501 ,

570 3564 712 3606 cam
737 3537 1057 3606 redierunt
1085 3561 1284 3605 novos
1312 3540 1544 3628 ubique
1574 3540 1913 3605 excitantes
1942 3541 2263 3609 tumultus.
2308 3541 2495 3609 Efflaa-

569 3657 844 3748 gitarunt
888 3672 1100 3723 tamen
1141 3658 1222 3721 ab
1274 3658 1699 3747 Imperatore,
1746 3673 1818 3722 ut
1844 3655 1927 3723 de
1951 3680 2119 3723 novo
2144 3658 2213 3725 in
2240 3682 2489 3727 causam

561 3798 735 3841 suam
777 3774 1007 3862 inquiri
1051 3774 1300 3860 juberet
1313 3822 1332 3858 ,
1397 3773 1571 3863 quod
1627 3774 1817 3839 etiam
1864 3774 2232 3842 effecerunt.
2324 3776 2387 3841 N
2387 3800 2491 3842 am

569 3894 921 3982 Imperator
943 3891 1121 3977 jussit
1134 3937 1153 3974 ,
1189 3906 1260 3955 ut
1295 3893 1381 3957 in
1411 3914 1663 3957 causam
1690 3890 1919 3957 Felicis
1932 3939 1951 3974 ,
1990 3892 2099 3980 qui
2133 3890 2487 3959 traditionis

571 4024 890 4076 accusatus
913 4025 1069 4090 erat,
1100 4007 1327 4075 eodem
1354 3996 1576 4090 mode,
1600 4032 1727 4095 quo
1746 4009 1812 4073 in
1837 4032 1937 4074 res
1962 4009 2175 4075 civiles
2190 4058 2208 4093 ‚
2234 4010 2489 4075 Cartha-
