<?xml version="1.0" encoding="UTF-8"?>
<!DOCTYPE html PUBLIC "-//W3C//DTD XHTML 1.0 Transitional//EN"
    "http://www.w3.org/TR/xhtml1/DTD/xhtml1-transitional.dtd">
<html xmlns="http://www.w3.org/1999/xhtml" xml:lang="en" lang="en">
 <head>
  <title>
</title>
<meta http-equiv="Content-Type" content="text/html;charset=utf-8" />
  <meta name='ocr-system' content='tesseract 3.04.00' />
  <meta name='ocr-capabilities' content='ocr_page ocr_carea ocr_par ocr_line ocrx_word'/>
</head>
<body>
  <div class='ocr_page' id='page_1' title='image "./deaurelioaugust00rouxgoog_0084.png"; bbox 0 0 2917 4967; ppageno 0'>
   <div class='ocr_carea' id='block_1_1' title="bbox 1409 318 1505 391">
    <p class='ocr_par' dir='ltr' id='par_1_1' title="bbox 1409 318 1505 391">
     <span class='ocr_line' id='line_1_1' title="bbox 1409 318 1505 391; baseline 0 -2"><span class='ocrx_word' id='word_1_1' title='bbox 1409 318 1505 391; x_wconf 80' lang='lat'><strong>66</strong></span> 
     </span>
    </p>
   </div>
   <div class='ocr_carea' id='block_1_2' title="bbox 505 551 2429 761">
    <p class='ocr_par' dir='ltr' id='par_1_2' title="bbox 505 551 2429 761">
     <span class='ocr_line' id='line_1_2' title="bbox 509 551 2429 647; baseline 0.004 -28"><span class='ocrx_word' id='word_1_2' title='bbox 509 551 708 619; x_wconf 87' lang='lat' dir='ltr'><strong>modo</strong></span> <span class='ocrx_word' id='word_1_3' title='bbox 745 568 1046 643; x_wconf 86' lang='lat' dir='ltr'><strong>coeptum</strong></span> <span class='ocrx_word' id='word_1_4' title='bbox 1076 554 1158 617; x_wconf 90' lang='lat' dir='ltr'><strong>sit</strong></span> <span class='ocrx_word' id='word_1_5' title='bbox 1191 554 1272 617; x_wconf 89' lang='lat' dir='ltr'><strong>ab</strong></span> <span class='ocrx_word' id='word_1_6' title='bbox 1297 552 1637 619; x_wconf 83' lang='lat' dir='ltr'><strong>Jerusalem</strong></span> <span class='ocrx_word' id='word_1_7' title='bbox 1652 600 1673 637; x_wconf 89' lang='lat'><strong>,</strong></span> <span class='ocrx_word' id='word_1_8' title='bbox 1722 570 1787 619; x_wconf 89' lang='lat' dir='ltr'><strong>et</strong></span> <span class='ocrx_word' id='word_1_9' title='bbox 1815 553 2045 623; x_wconf 85' lang='lat' dir='ltr'><strong>deinde</strong></span> <span class='ocrx_word' id='word_1_10' title='bbox 2067 578 2429 647; x_wconf 77' lang='lat' dir='ltr'><strong>processum</strong></span> 
     </span>
     <span class='ocr_line' id='line_1_3' title="bbox 505 668 2423 761; baseline 0.004 -26"><span class='ocrx_word' id='word_1_11' title='bbox 505 672 576 735; x_wconf 90' lang='lat' dir='ltr'><strong>in</strong></span> <span class='ocrx_word' id='word_1_12' title='bbox 611 668 913 736; x_wconf 82' lang='lat' dir='ltr'><strong>Iudaeam</strong></span> <span class='ocrx_word' id='word_1_13' title='bbox 951 686 1018 735; x_wconf 87' lang='lat' dir='ltr'><strong>et</strong></span> <span class='ocrx_word' id='word_1_14' title='bbox 1051 669 1397 735; x_wconf 80' lang='lat' dir='ltr'><strong>Samariam</strong></span> <span class='ocrx_word' id='word_1_15' title='bbox 1417 719 1436 754; x_wconf 91' lang='lat'><strong>,</strong></span> <span class='ocrx_word' id='word_1_16' title='bbox 1484 686 1550 737; x_wconf 84' lang='lat' dir='ltr'><strong>et</strong></span> <span class='ocrx_word' id='word_1_17' title='bbox 1596 669 1749 737; x_wconf 88' lang='lat' dir='ltr'><strong>inde</strong></span> <span class='ocrx_word' id='word_1_18' title='bbox 1790 672 1859 739; x_wconf 91' lang='lat' dir='ltr'><strong>in</strong></span> <span class='ocrx_word' id='word_1_19' title='bbox 1901 689 2105 740; x_wconf 83' lang='lat' dir='ltr'><strong>totam</strong></span> <span class='ocrx_word' id='word_1_20' title='bbox 2149 690 2384 743; x_wconf 80' lang='lat' dir='ltr'><strong>terram</strong></span> <span class='ocrx_word' id='word_1_21' title='bbox 2404 727 2423 761; x_wconf 91' lang='lat'><strong>,</strong></span> 
     </span>
    </p>
   </div>
   <div class='ocr_carea' id='block_1_3' title="bbox 501 786 2549 879">
    <p class='ocr_par' dir='ltr' id='par_1_3' title="bbox 501 786 2549 879">
     <span class='ocr_line' id='line_1_4' title="bbox 501 786 2549 879; baseline 0.004 -26"><span class='ocrx_word' id='word_1_22' title='bbox 501 789 614 853; x_wconf 85' lang='lat' dir='ltr'><strong>ubi</strong></span> <span class='ocrx_word' id='word_1_23' title='bbox 645 786 850 853; x_wconf 85' lang='lat' dir='ltr'><strong>adhuc</strong></span> <span class='ocrx_word' id='word_1_24' title='bbox 879 789 1102 854; x_wconf 86' lang='lat' dir='ltr'><strong>crescit</strong></span> <span class='ocrx_word' id='word_1_25' title='bbox 1125 787 1407 853; x_wconf 79' lang='lat' dir='ltr'><strong>Ecclesia</strong></span> <span class='ocrx_word' id='word_1_26' title='bbox 1421 836 1440 869; x_wconf 92' lang='lat'>,</span> <span class='ocrx_word' id='word_1_27' title='bbox 1474 786 1681 855; x_wconf 89' lang='lat' dir='ltr'><strong>donec</strong></span> <span class='ocrx_word' id='word_1_28' title='bbox 1708 813 1901 879; x_wconf 88' lang='lat' dir='ltr'><strong>usque</strong></span> <span class='ocrx_word' id='word_1_29' title='bbox 1928 790 1998 855; x_wconf 89' lang='lat' dir='ltr'><strong>in</strong></span> <span class='ocrx_word' id='word_1_30' title='bbox 2023 791 2215 858; x_wconf 87' lang='lat' dir='ltr'><strong>finem</strong></span> <span class='ocrx_word' id='word_1_31' title='bbox 2238 794 2428 861; x_wconf 88' lang='lat' dir='ltr'><strong>etiam</strong></span> <span class='ocrx_word' id='word_1_32' title='bbox 2536 838 2549 851; x_wconf 60' lang='grc' dir='ltr'><strong><em>ι</em></strong></span> 
     </span>
    </p>
   </div>
   <div class='ocr_carea' id='block_1_4' title="bbox 495 902 2429 2407">
    <p class='ocr_par' dir='ltr' id='par_1_4' title="bbox 495 902 2429 2407">
     <span class='ocr_line' id='line_1_5' title="bbox 503 902 2429 1000; baseline 0.003 -29"><span class='ocrx_word' id='word_1_33' title='bbox 503 907 772 995; x_wconf 88' lang='lat' dir='ltr'><strong>reliquas</strong></span> <span class='ocrx_word' id='word_1_34' title='bbox 802 922 1016 997; x_wconf 78' lang='lat' dir='ltr'>gentes</span> <span class='ocrx_word' id='word_1_35' title='bbox 1029 954 1048 989; x_wconf 91' lang='lat'><strong>,</strong></span> <span class='ocrx_word' id='word_1_36' title='bbox 1078 906 1186 971; x_wconf 87' lang='lat' dir='ltr'><strong>ubi</strong></span> <span class='ocrx_word' id='word_1_37' title='bbox 1217 902 1420 971; x_wconf 85' lang='lat' dir='ltr'><strong>adhuc</strong></span> <span class='ocrx_word' id='word_1_38' title='bbox 1441 927 1575 971; x_wconf 86' lang='lat' dir='ltr'><strong>non</strong></span> <span class='ocrx_word' id='word_1_39' title='bbox 1602 922 1695 972; x_wconf 88' lang='lat' dir='ltr'><strong>est</strong></span> <span class='ocrx_word' id='word_1_40' title='bbox 1710 954 1728 990; x_wconf 91' lang='lat'>,</span> <span class='ocrx_word' id='word_1_41' title='bbox 1763 908 2045 973; x_wconf 89' lang='lat' dir='ltr'><strong>obtineat</strong></span> <span class='ocrx_word' id='word_1_42' title='bbox 2059 957 2077 993; x_wconf 91' lang='lat'>,</span> <span class='ocrx_word' id='word_1_43' title='bbox 2109 910 2429 1000; x_wconf 88' lang='lat' dir='ltr'><strong>scripturis</strong></span> 
     </span>
     <span class='ocr_line' id='line_1_6' title="bbox 501 1024 2426 1115; baseline 0.001 -26"><span class='ocrx_word' id='word_1_44' title='bbox 501 1026 734 1089; x_wconf 87' lang='lat' dir='ltr'><strong>sanctis</strong></span> <span class='ocrx_word' id='word_1_45' title='bbox 814 1024 1070 1089; x_wconf 83' lang='lat' dir='ltr'><strong>testibus</strong></span> <span class='ocrx_word' id='word_1_46' title='bbox 1149 1039 1605 1112; x_wconf 85' lang='lat' dir='ltr'><strong>consequenter</strong></span> <span class='ocrx_word' id='word_1_47' title='bbox 1680 1024 2069 1091; x_wconf 80' lang='lat' dir='ltr'><strong>ostenditur:</strong></span> <span class='ocrx_word' id='word_1_48' title='bbox 2154 1028 2426 1115; x_wconf 85' lang='lat' dir='ltr'><strong>quisquis</strong></span> 
     </span>
     <span class='ocr_line' id='line_1_7' title="bbox 501 1140 2424 1234; baseline 0.002 -29"><span class='ocrx_word' id='word_1_49' title='bbox 501 1140 677 1206; x_wconf 84' lang='lat' dir='ltr'><strong>aliud</strong></span> <span class='ocrx_word' id='word_1_50' title='bbox 721 1142 1228 1231; x_wconf 80' lang='lat' dir='ltr'><strong>evangelizaverit</strong></span> <span class='ocrx_word' id='word_1_51' title='bbox 1245 1190 1264 1225; x_wconf 86' lang='lat'>‚</span> <span class='ocrx_word' id='word_1_52' title='bbox 1325 1144 1659 1207; x_wconf 87' lang='lat' dir='ltr'><strong>anathema</strong></span> <span class='ocrx_word' id='word_1_53' title='bbox 1701 1142 1814 1207; x_wconf 88' lang='lat' dir='ltr'><strong>sit”</strong></span> <span class='ocrx_word' id='word_1_54' title='bbox 1869 1142 1987 1234; x_wconf 88' lang='lat'><em>(1).</em></span> <span class='ocrx_word' id='word_1_55' title='bbox 2078 1143 2424 1209; x_wconf 81' lang='lat' dir='ltr'><strong>Ecclesiam</strong></span> 
     </span>
     <span class='ocr_line' id='line_1_8' title="bbox 501 1258 2425 1349; baseline 0.001 -24"><span class='ocrx_word' id='word_1_56' title='bbox 501 1281 620 1348; x_wconf 89' lang='lat' dir='ltr'><strong>per</strong></span> <span class='ocrx_word' id='word_1_57' title='bbox 637 1281 855 1325; x_wconf 88' lang='lat' dir='ltr'><strong>omnes</strong></span> <span class='ocrx_word' id='word_1_58' title='bbox 875 1276 1090 1349; x_wconf 79' lang='lat' dir='ltr'><strong>gentes</strong></span> <span class='ocrx_word' id='word_1_59' title='bbox 1098 1260 1372 1324; x_wconf 85' lang='lat' dir='ltr'><strong>futuram</strong></span> <span class='ocrx_word' id='word_1_60' title='bbox 1394 1261 1589 1326; x_wconf 84' lang='lat' dir='ltr'><strong>etiam</strong></span> <span class='ocrx_word' id='word_1_61' title='bbox 1602 1258 1995 1349; x_wconf 86' lang='lat' dir='ltr'><strong>portendisse</strong></span> <span class='ocrx_word' id='word_1_62' title='bbox 2016 1259 2169 1333; x_wconf 80' lang='lat' dir='ltr'><strong>dicit</strong></span> <span class='ocrx_word' id='word_1_63' title='bbox 2185 1260 2425 1327; x_wconf 87' lang='lat' dir='ltr'><strong>donum</strong></span> 
     </span>
     <span class='ocr_line' id='line_1_9' title="bbox 501 1375 2375 1469; baseline 0.002 -28"><span class='ocrx_word' id='word_1_64' title='bbox 501 1376 884 1467; x_wconf 80' lang='lat' dir='ltr'><strong>linguarum,</strong></span> <span class='ocrx_word' id='word_1_65' title='bbox 916 1375 1019 1442; x_wconf 89' lang='lat' dir='ltr'><strong>die</strong></span> <span class='ocrx_word' id='word_1_66' title='bbox 1048 1376 1470 1443; x_wconf 88' lang='lat' dir='ltr'><strong>Pentecostali</strong></span> <span class='ocrx_word' id='word_1_67' title='bbox 1496 1376 1819 1466; x_wconf 86' lang='lat' dir='ltr'><strong>Apostolis</strong></span> <span class='ocrx_word' id='word_1_68' title='bbox 1844 1378 2229 1467; x_wconf 78' lang='lat' dir='ltr'><strong>impertitum</strong></span> <span class='ocrx_word' id='word_1_69' title='bbox 2256 1378 2375 1469; x_wconf 87' lang='lat'><em>(2).</em></span> 
     </span>
     <span class='ocr_line' id='line_1_10' title="bbox 591 1493 2425 1577; baseline 0.002 -20"><span class='ocrx_word' id='word_1_70' title='bbox 591 1493 768 1559; x_wconf 87' lang='lat' dir='ltr'><strong>Haec</strong></span> <span class='ocrx_word' id='word_1_71' title='bbox 812 1516 958 1559; x_wconf 90' lang='lat' dir='ltr'><strong>cum</strong></span> <span class='ocrx_word' id='word_1_72' title='bbox 991 1496 1084 1558; x_wconf 90' lang='lat' dir='ltr'><strong>ita</strong></span> <span class='ocrx_word' id='word_1_73' title='bbox 1117 1494 1243 1559; x_wconf 87' lang='lat' dir='ltr'><strong>sint</strong></span> <span class='ocrx_word' id='word_1_74' title='bbox 1259 1540 1280 1577; x_wconf 88' lang='lat'><strong>,</strong></span> <span class='ocrx_word' id='word_1_75' title='bbox 1324 1516 1539 1559; x_wconf 83' lang='lat' dir='ltr'><strong>veram</strong></span> <span class='ocrx_word' id='word_1_76' title='bbox 1580 1494 1928 1560; x_wconf 84' lang='lat' dir='ltr'><strong>Ecclesiam</strong></span> <span class='ocrx_word' id='word_1_77' title='bbox 1970 1517 2104 1559; x_wconf 88' lang='lat' dir='ltr'><strong>non</strong></span> <span class='ocrx_word' id='word_1_78' title='bbox 2139 1496 2257 1559; x_wconf 90' lang='lat' dir='ltr'><strong>nisi</strong></span> <span class='ocrx_word' id='word_1_79' title='bbox 2284 1518 2425 1561; x_wconf 88' lang='lat' dir='ltr'><strong>eam</strong></span> 
     </span>
     <span class='ocr_line' id='line_1_11' title="bbox 501 1610 2419 1703; baseline -0.001 -23"><span class='ocrx_word' id='word_1_80' title='bbox 501 1632 666 1694; x_wconf 71' lang='lat' dir='ltr'><strong>esse,</strong></span> <span class='ocrx_word' id='word_1_81' title='bbox 703 1634 864 1699; x_wconf 88' lang='lat' dir='ltr'><strong>quae</strong></span> <span class='ocrx_word' id='word_1_82' title='bbox 881 1612 1114 1699; x_wconf 86' lang='lat' dir='ltr'><strong>ubique</strong></span> <span class='ocrx_word' id='word_1_83' title='bbox 1145 1627 1240 1677; x_wconf 88' lang='lat' dir='ltr'><strong>est</strong></span> <span class='ocrx_word' id='word_1_84' title='bbox 1263 1610 1525 1693; x_wconf 79' lang='lat' dir='ltr'><strong>diffusa,</strong></span> <span class='ocrx_word' id='word_1_85' title='bbox 1557 1611 1685 1675; x_wconf 88' lang='lat' dir='ltr'><strong>hoc</strong></span> <span class='ocrx_word' id='word_1_86' title='bbox 1718 1627 1846 1693; x_wconf 88' lang='lat' dir='ltr'><strong>est,</strong></span> <span class='ocrx_word' id='word_1_87' title='bbox 1888 1612 2268 1677; x_wconf 74' lang='lat' dir='ltr'><strong>Catholicam</strong></span> <span class='ocrx_word' id='word_1_88' title='bbox 2302 1610 2419 1703; x_wconf 84' lang='lat'><strong>(3).</strong></span> 
     </span>
     <span class='ocr_line' id='line_1_12' title="bbox 499 1728 2419 1819; baseline -0.001 -25"><span class='ocrx_word' id='word_1_89' title='bbox 499 1728 845 1819; x_wconf 84' lang='lat' dir='ltr'><strong>Propterea</strong></span> <span class='ocrx_word' id='word_1_90' title='bbox 883 1732 1154 1816; x_wconf 87' lang='lat' dir='ltr'><strong>majores</strong></span> <span class='ocrx_word' id='word_1_91' title='bbox 1181 1728 1527 1793; x_wconf 86' lang='lat' dir='ltr'><strong>Ecclesiam</strong></span> <span class='ocrx_word' id='word_1_92' title='bbox 1558 1728 1967 1793; x_wconf 84' lang='lat' dir='ltr'><strong>nominarunt</strong></span> <span class='ocrx_word' id='word_1_93' title='bbox 2004 1728 2385 1794; x_wconf 76' lang='lat' dir='ltr'><strong>Catholicam</strong></span> <span class='ocrx_word' id='word_1_94' title='bbox 2400 1775 2419 1811; x_wconf 89' lang='lat'><strong><em>‚</em></strong></span> 
     </span>
     <span class='ocr_line' id='line_1_13' title="bbox 499 1842 2418 1936; baseline 0.001 -25"><span class='ocrx_word' id='word_1_95' title='bbox 499 1862 608 1911; x_wconf 76' lang='lat' dir='ltr'><strong>»ut</strong></span> <span class='ocrx_word' id='word_1_96' title='bbox 655 1869 732 1911; x_wconf 88' lang='lat' dir='ltr'><strong>ex</strong></span> <span class='ocrx_word' id='word_1_97' title='bbox 773 1847 912 1936; x_wconf 88' lang='lat' dir='ltr'><strong>ipso</strong></span> <span class='ocrx_word' id='word_1_98' title='bbox 954 1847 1211 1911; x_wconf 89' lang='lat' dir='ltr'><strong>nomine</strong></span> <span class='ocrx_word' id='word_1_99' title='bbox 1256 1842 1659 1910; x_wconf 82' lang='lat' dir='ltr'><strong>ostenderent</strong></span> <span class='ocrx_word' id='word_1_100' title='bbox 1673 1892 1691 1926; x_wconf 92' lang='lat'>,</span> <span class='ocrx_word' id='word_1_101' title='bbox 1742 1846 1887 1932; x_wconf 86' lang='lat' dir='ltr'><strong>quia</strong></span> <span class='ocrx_word' id='word_1_102' title='bbox 1918 1868 2036 1935; x_wconf 89' lang='lat' dir='ltr'><strong>per</strong></span> <span class='ocrx_word' id='word_1_103' title='bbox 2062 1844 2267 1911; x_wconf 68' lang='lat' dir='ltr'><strong>totum</strong></span> <span class='ocrx_word' id='word_1_104' title='bbox 2302 1862 2418 1913; x_wconf 86' lang='lat' dir='ltr'><strong>est.</strong></span> 
     </span>
     <span class='ocr_line' id='line_1_14' title="bbox 497 1960 2418 2055; baseline 0.002 -28"><span class='ocrx_word' id='word_1_105' title='bbox 497 1960 856 2027; x_wconf 84' lang='lat' dir='ltr'><strong>Secundum</strong></span> <span class='ocrx_word' id='word_1_106' title='bbox 885 1978 1090 2028; x_wconf 87' lang='lat' dir='ltr'><strong>totum</strong></span> <span class='ocrx_word' id='word_1_107' title='bbox 1121 1964 1290 2029; x_wconf 89' lang='lat' dir='ltr'><strong>enim</strong></span> <span class='ocrx_word' id='word_1_108' title='bbox 1305 2010 1325 2045; x_wconf 89' lang='lat'><strong>,</strong></span> <span class='ocrx_word' id='word_1_109' title='bbox 1373 1962 1521 2029; x_wconf 68' lang='grc' dir='ltr'><strong>καθ’</strong></span> <span class='ocrx_word' id='word_1_110' title='bbox 1560 1963 1705 2031; x_wconf 72' lang='grc' dir='ltr'><strong>ὅλον</strong></span> <span class='ocrx_word' id='word_1_111' title='bbox 1730 1960 1973 2029; x_wconf 88' lang='lat' dir='ltr'><strong>Graece</strong></span> <span class='ocrx_word' id='word_1_112' title='bbox 2001 1962 2263 2028; x_wconf 88' lang='lat' dir='ltr'><strong>dicitur”</strong></span> <span class='ocrx_word' id='word_1_113' title='bbox 2299 1963 2418 2055; x_wconf 81' lang='grc'><strong>(4).</strong></span> 
     </span>
     <span class='ocr_line' id='line_1_15' title="bbox 499 2078 2422 2171; baseline 0.001 -26"><span class='ocrx_word' id='word_1_114' title='bbox 499 2081 589 2145; x_wconf 83' lang='lat' dir='ltr'><strong>Ut</strong></span> <span class='ocrx_word' id='word_1_115' title='bbox 629 2096 836 2147; x_wconf 80' lang='lat' dir='ltr'><strong>autem</strong></span> <span class='ocrx_word' id='word_1_116' title='bbox 859 2082 1254 2171; x_wconf 84' lang='lat' dir='ltr'><strong>particularis</strong></span> <span class='ocrx_word' id='word_1_117' title='bbox 1283 2080 1567 2146; x_wconf 88' lang='lat' dir='ltr'><strong>Ecclesia</strong></span> <span class='ocrx_word' id='word_1_118' title='bbox 1595 2078 1677 2145; x_wconf 89' lang='lat' dir='ltr'><strong>ad</strong></span> <span class='ocrx_word' id='word_1_119' title='bbox 1706 2080 1882 2145; x_wconf 86' lang='lat' dir='ltr'><strong>illam</strong></span> <span class='ocrx_word' id='word_1_120' title='bbox 1906 2080 2319 2147; x_wconf 83' lang='lat' dir='ltr'><strong>universalem</strong></span> <span class='ocrx_word' id='word_1_121' title='bbox 2346 2104 2422 2147; x_wconf 86' lang='lat' dir='ltr'><strong>ac</strong></span> 
     </span>
     <span class='ocr_line' id='line_1_16' title="bbox 495 2199 2425 2290; baseline 0 -25"><span class='ocrx_word' id='word_1_122' title='bbox 495 2199 696 2265; x_wconf 82' lang='lat' dir='ltr'><strong>solam</strong></span> <span class='ocrx_word' id='word_1_123' title='bbox 729 2223 945 2265; x_wconf 80' lang='lat' dir='ltr'><strong>veram</strong></span> <span class='ocrx_word' id='word_1_124' title='bbox 986 2201 1306 2290; x_wconf 88' lang='lat' dir='ltr'><strong>pertinere</strong></span> <span class='ocrx_word' id='word_1_125' title='bbox 1349 2199 1589 2265; x_wconf 87' lang='lat' dir='ltr'><strong>censeri</strong></span> <span class='ocrx_word' id='word_1_126' title='bbox 1618 2200 1815 2289; x_wconf 88' lang='lat' dir='ltr'><strong>possit</strong></span> <span class='ocrx_word' id='word_1_127' title='bbox 1832 2247 1851 2281; x_wconf 91' lang='lat'><strong>,</strong></span> <span class='ocrx_word' id='word_1_128' title='bbox 1900 2220 2154 2265; x_wconf 87' lang='lat' dir='ltr'><strong>necesse</strong></span> <span class='ocrx_word' id='word_1_129' title='bbox 2182 2213 2305 2283; x_wconf 88' lang='lat' dir='ltr'><strong>est,</strong></span> <span class='ocrx_word' id='word_1_130' title='bbox 2353 2214 2425 2265; x_wconf 88' lang='lat' dir='ltr'><strong>ut</strong></span> 
     </span>
     <span class='ocr_line' id='line_1_17' title="bbox 501 2315 2416 2407; baseline 0.001 -27"><span class='ocrx_word' id='word_1_131' title='bbox 501 2317 926 2383; x_wconf 86' lang='lat' dir='ltr'><strong>communicet</strong></span> <span class='ocrx_word' id='word_1_132' title='bbox 956 2340 1100 2382; x_wconf 85' lang='lat' dir='ltr'><strong>cum</strong></span> <span class='ocrx_word' id='word_1_133' title='bbox 1146 2316 1441 2383; x_wconf 85' lang='lat' dir='ltr'><strong>Ecclesiis</strong></span> <span class='ocrx_word' id='word_1_134' title='bbox 1478 2317 1713 2406; x_wconf 87' lang='lat' dir='ltr'><strong>ubique</strong></span> <span class='ocrx_word' id='word_1_135' title='bbox 1750 2333 2061 2383; x_wconf 87' lang='lat' dir='ltr'><strong>terrarum</strong></span> <span class='ocrx_word' id='word_1_136' title='bbox 2105 2315 2416 2407; x_wconf 84' lang='lat' dir='ltr'><strong>dispersis.</strong></span> 
     </span>
    </p>
   </div>
   <div class='ocr_carea' id='block_1_5' title="bbox 765 2526 1193 2541">
    <p class='ocr_par' dir='ltr' id='par_1_5' title="bbox 765 2526 1193 2541">
     <span class='ocr_line' id='line_1_18' title="bbox 765 2526 1193 2541; baseline 0 2426"><span class='ocrx_word' id='word_1_137' title='bbox 765 2526 1193 2541; x_wconf 95' lang='lat' dir='ltr'><strong> </strong></span> 
     </span>
    </p>
   </div>
   <div class='ocr_carea' id='block_1_6' title="bbox 555 2658 2471 3891">
    <p class='ocr_par' dir='ltr' id='par_1_6' title="bbox 555 2658 1266 2726">
     <span class='ocr_line' id='line_1_19' title="bbox 555 2658 1266 2726; baseline 0.004 -18"><span class='ocrx_word' id='word_1_138' title='bbox 555 2659 637 2726; x_wconf 87' lang='lat' dir='ltr'><strong>(l)</strong></span> <span class='ocrx_word' id='word_1_139' title='bbox 669 2661 742 2711; x_wconf 80' lang='lat' dir='ltr'><strong>De</strong></span> <span class='ocrx_word' id='word_1_140' title='bbox 774 2660 908 2713; x_wconf 80' lang='lat' dir='ltr'><strong>unit.</strong></span> <span class='ocrx_word' id='word_1_141' title='bbox 943 2658 1080 2711; x_wconf 76' lang='lat'><em>1001.</em></span> <span class='ocrx_word' id='word_1_142' title='bbox 1113 2658 1140 2725; x_wconf 74' lang='grc' dir='ltr'><strong>ς</strong></span> <span class='ocrx_word' id='word_1_143' title='bbox 1176 2658 1266 2711; x_wconf 79' lang='lat'><strong>82.</strong></span> 
     </span>
    </p>

    <p class='ocr_par' dir='ltr' id='par_1_7' title="bbox 559 2742 1420 2810">
     <span class='ocr_line' id='line_1_20' title="bbox 559 2742 1420 2810; baseline -0.002 -15"><span class='ocrx_word' id='word_1_144' title='bbox 559 2746 638 2810; x_wconf 82' lang='lat'><strong>(2)</strong></span> <span class='ocrx_word' id='word_1_145' title='bbox 673 2747 727 2796; x_wconf 86' lang='lat' dir='ltr'><strong>C.</strong></span> <span class='ocrx_word' id='word_1_146' title='bbox 763 2746 1000 2796; x_wconf 76' lang='lat' dir='ltr'><strong>crescon.</strong></span> <span class='ocrx_word' id='word_1_147' title='bbox 1034 2742 1146 2794; x_wconf 79' lang='lat' dir='ltr'><strong>Lib.</strong></span> <span class='ocrx_word' id='word_1_148' title='bbox 1184 2744 1237 2794; x_wconf 92' lang='lat'><strong>11</strong></span> <span class='ocrx_word' id='word_1_149' title='bbox 1273 2744 1296 2809; x_wconf 76' lang='grc' dir='ltr'><strong>ς</strong></span> <span class='ocrx_word' id='word_1_150' title='bbox 1338 2742 1420 2795; x_wconf 85' lang='grc'><strong>17.</strong></span> 
     </span>
    </p>

    <p class='ocr_par' dir='ltr' id='par_1_8' title="bbox 563 2824 2471 3891">
     <span class='ocr_line' id='line_1_21' title="bbox 563 2824 2437 2897; baseline 0 -18"><span class='ocrx_word' id='word_1_151' title='bbox 563 2830 645 2897; x_wconf 81' lang='grc'><strong>(3)</strong></span> <span class='ocrx_word' id='word_1_152' title='bbox 676 2830 839 2880; x_wconf 68' lang='lat' dir='ltr'><strong>Aliter</strong></span> <span class='ocrx_word' id='word_1_153' title='bbox 863 2828 1155 2881; x_wconf 68' lang='lat' dir='ltr'><strong>Donatistae</strong></span> <span class='ocrx_word' id='word_1_154' title='bbox 1183 2824 1474 2877; x_wconf 67' lang='lat' dir='ltr'><strong>Ecclesiam</strong></span> <span class='ocrx_word' id='word_1_155' title='bbox 1505 2824 1831 2877; x_wconf 62' lang='lat' dir='ltr'><strong>catholicam</strong></span> <span class='ocrx_word' id='word_1_156' title='bbox 1857 2826 2242 2889; x_wconf 67' lang='lat' dir='ltr'><strong>intelligebant,</strong></span> <span class='ocrx_word' id='word_1_157' title='bbox 2272 2842 2437 2891; x_wconf 82' lang='lat' dir='ltr'><strong>eoque</strong></span> 
     </span>
     <span class='ocr_line' id='line_1_22' title="bbox 673 2909 2431 2976; baseline 0 -15"><span class='ocrx_word' id='word_1_158' title='bbox 673 2911 881 2961; x_wconf 69' lang='lat' dir='ltr'><strong>nomine</strong></span> <span class='ocrx_word' id='word_1_159' title='bbox 914 2926 1052 2962; x_wconf 77' lang='lat' dir='ltr'><strong>suam</strong></span> <span class='ocrx_word' id='word_1_160' title='bbox 1099 2911 1250 2961; x_wconf 81' lang='lat' dir='ltr'><strong>etiam</strong></span> <span class='ocrx_word' id='word_1_161' title='bbox 1298 2914 1494 2976; x_wconf 82' lang='lat' dir='ltr'><strong>partem</strong></span> <span class='ocrx_word' id='word_1_162' title='bbox 1526 2909 1881 2975; x_wconf 63' lang='lat' dir='ltr'><strong>insigniebam.</strong></span> <span class='ocrx_word' id='word_1_163' title='bbox 1954 2909 2293 2959; x_wconf 73' lang='lat' dir='ltr'><strong>»Donatistae</strong></span> <span class='ocrx_word' id='word_1_164' title='bbox 2327 2925 2431 2961; x_wconf 77' lang='lat' dir='ltr'><strong>reo·</strong></span> 
     </span>
     <span class='ocr_line' id='line_1_23' title="bbox 681 2994 2430 3061; baseline -0.002 -15"><span class='ocrx_word' id='word_1_165' title='bbox 681 2996 906 3061; x_wconf 75' lang='lat' dir='ltr'><strong>pendent</strong></span> <span class='ocrx_word' id='word_1_166' title='bbox 925 3029 942 3057; x_wconf 88' lang='lat'>,</span> <span class='ocrx_word' id='word_1_167' title='bbox 977 3010 1080 3044; x_wconf 86' lang='lat' dir='ltr'><strong>non</strong></span> <span class='ocrx_word' id='word_1_168' title='bbox 1116 2994 1430 3046; x_wconf 79' lang='lat' dir='ltr'><strong>catholicum</strong></span> <span class='ocrx_word' id='word_1_169' title='bbox 1462 3008 1647 3045; x_wconf 87' lang='lat' dir='ltr'><strong>nomen</strong></span> <span class='ocrx_word' id='word_1_170' title='bbox 1684 3010 1745 3043; x_wconf 84' lang='lat' dir='ltr'><strong>ex</strong></span> <span class='ocrx_word' id='word_1_171' title='bbox 1779 2995 2133 3043; x_wconf 70' lang='lat' dir='ltr'><strong>universitate</strong></span> <span class='ocrx_word' id='word_1_172' title='bbox 2159 2994 2397 3057; x_wconf 66' lang='lat' dir='ltr'><strong>gentium</strong></span> <span class='ocrx_word' id='word_1_173' title='bbox 2413 3025 2430 3054; x_wconf 83' lang='lat'>,</span> 
     </span>
     <span class='ocr_line' id='line_1_24' title="bbox 688 3075 2435 3143; baseline -0.001 -17"><span class='ocrx_word' id='word_1_174' title='bbox 688 3076 776 3126; x_wconf 85' lang='lat' dir='ltr'><strong>sed</strong></span> <span class='ocrx_word' id='word_1_175' title='bbox 823 3092 883 3127; x_wconf 82' lang='lat' dir='ltr'><strong>ex</strong></span> <span class='ocrx_word' id='word_1_176' title='bbox 924 3076 1266 3143; x_wconf 67' lang='lat' dir='ltr'><strong>plenitudine</strong></span> <span class='ocrx_word' id='word_1_177' title='bbox 1294 3082 1744 3126; x_wconf 69' lang='lat' dir='ltr'><strong>sacramentorum·</strong></span> <span class='ocrx_word' id='word_1_178' title='bbox 1798 3075 2153 3125; x_wconf 77' lang='lat' dir='ltr'><strong>institutum”.</strong></span> <span class='ocrx_word' id='word_1_179' title='bbox 2220 3075 2435 3137; x_wconf 69' lang='lat' dir='ltr'><strong>Augu-t.</strong></span> 
     </span>
     <span class='ocr_line' id='line_1_25' title="bbox 687 3156 2433 3225; baseline -0.001 -16"><span class='ocrx_word' id='word_1_180' title='bbox 687 3160 832 3209; x_wconf 61' lang='lat' dir='ltr'><strong>BreV.</strong></span> <span class='ocrx_word' id='word_1_181' title='bbox 874 3159 1002 3208; x_wconf 84' lang='lat' dir='ltr'><strong>con.</strong></span> <span class='ocrx_word' id='word_1_182' title='bbox 1033 3158 1094 3208; x_wconf 81' lang='lat'><strong>1).</strong></span> <span class='ocrx_word' id='word_1_183' title='bbox 1116 3158 1196 3207; x_wconf 87' lang='lat'><strong>111</strong></span> <span class='ocrx_word' id='word_1_184' title='bbox 1217 3158 1240 3224; x_wconf 63' lang='grc'><strong><em>3</em></strong></span> <span class='ocrx_word' id='word_1_185' title='bbox 1264 3158 1318 3210; x_wconf 77' lang='grc'><strong>3.</strong></span> <span class='ocrx_word' id='word_1_186' title='bbox 1373 3160 1686 3211; x_wconf 69' lang='lat' dir='ltr'><strong>Auens-nara</strong></span> <span class='ocrx_word' id='word_1_187' title='bbox 1718 3161 1829 3225; x_wconf 78' lang='lat' dir='ltr'><strong>(Bp.</strong></span> <span class='ocrx_word' id='word_1_188' title='bbox 1864 3159 1931 3208; x_wconf 77' lang='lat'><strong>93</strong></span> <span class='ocrx_word' id='word_1_189' title='bbox 1952 3159 1975 3224; x_wconf 76' lang='grc' dir='ltr'><strong>ς</strong></span> <span class='ocrx_word' id='word_1_190' title='bbox 1998 3158 2089 3225; x_wconf 83' lang='grc'><strong>23)</strong></span> <span class='ocrx_word' id='word_1_191' title='bbox 2108 3156 2291 3223; x_wconf 79' lang='lat' dir='ltr'><strong>objicit</strong></span> <span class='ocrx_word' id='word_1_192' title='bbox 2307 3157 2433 3208; x_wconf 77' lang='lat' dir='ltr'><strong>vin-</strong></span> 
     </span>
     <span class='ocr_line' id='line_1_26' title="bbox 683 3240 2439 3293; baseline 0 -2"><span class='ocrx_word' id='word_1_193' title='bbox 683 3241 854 3293; x_wconf 80' lang='lat' dir='ltr'><strong>centio</strong></span> <span class='ocrx_word' id='word_1_194' title='bbox 889 3241 1209 3293; x_wconf 69' lang='lat' dir='ltr'><strong>Donatistaet</strong></span> <span class='ocrx_word' id='word_1_195' title='bbox 1263 3241 1599 3293; x_wconf 76' lang='lat' dir='ltr'><strong>»Catholicae</strong></span> <span class='ocrx_word' id='word_1_196' title='bbox 1635 3257 1818 3293; x_wconf 75' lang='lat' dir='ltr'><strong>nomen</strong></span> <span class='ocrx_word' id='word_1_197' title='bbox 1856 3257 1959 3291; x_wconf 77' lang='lat' dir='ltr'><strong>noa</strong></span> <span class='ocrx_word' id='word_1_198' title='bbox 1996 3257 2057 3292; x_wconf 84' lang='lat' dir='ltr'><strong>ex</strong></span> <span class='ocrx_word' id='word_1_199' title='bbox 2096 3243 2265 3293; x_wconf 71' lang='lat' dir='ltr'><strong>totius</strong></span> <span class='ocrx_word' id='word_1_200' title='bbox 2294 3240 2439 3293; x_wconf 64' lang='lat' dir='ltr'><strong>orbis</strong></span> 
     </span>
     <span class='ocr_line' id='line_1_27' title="bbox 687 3320 2471 3390; baseline -0.001 -14"><span class='ocrx_word' id='word_1_201' title='bbox 687 3325 1160 3376; x_wconf 70' lang='lat' dir='ltr'><strong>communicatione</strong></span> <span class='ocrx_word' id='word_1_202' title='bbox 1187 3323 1533 3389; x_wconf 76' lang='lat' dir='ltr'><strong>interpretaris</strong></span> <span class='ocrx_word' id='word_1_203' title='bbox 1550 3356 1567 3383; x_wconf 87' lang='lat'>,</span> <span class='ocrx_word' id='word_1_204' title='bbox 1604 3320 1693 3373; x_wconf 75' lang='lat' dir='ltr'><strong>sed</strong></span> <span class='ocrx_word' id='word_1_205' title='bbox 1712 3339 1772 3373; x_wconf 84' lang='lat' dir='ltr'><strong>ex</strong></span> <span class='ocrx_word' id='word_1_206' title='bbox 1790 3323 2150 3373; x_wconf 70' lang='lat' dir='ltr'><strong>observatione</strong></span> <span class='ocrx_word' id='word_1_207' title='bbox 2180 3338 2435 3390; x_wconf 74' lang='lat' dir='ltr'><strong>proecep-</strong></span> <span class='ocrx_word' id='word_1_208' title='bbox 2456 3340 2471 3359; x_wconf 87' lang='lat'><strong>·</strong></span> 
     </span>
     <span class='ocr_line' id='line_1_28' title="bbox 690 3408 2434 3473; baseline -0.003 -11"><span class='ocrx_word' id='word_1_209' title='bbox 690 3418 866 3462; x_wconf 69' lang='lat' dir='ltr'><strong>torum</strong></span> <span class='ocrx_word' id='word_1_210' title='bbox 897 3410 1135 3459; x_wconf 66' lang='lat' dir='ltr'><strong>omniun</strong></span> <span class='ocrx_word' id='word_1_211' title='bbox 1161 3408 1471 3458; x_wconf 65' lang='lat' dir='ltr'><strong>divinorum</strong></span> <span class='ocrx_word' id='word_1_212' title='bbox 1504 3412 1664 3473; x_wconf 69' lang='lat' dir='ltr'><strong>atque</strong></span> <span class='ocrx_word' id='word_1_213' title='bbox 1698 3408 1935 3458; x_wconf 64' lang='lat' dir='ltr'><strong>omnium</strong></span> <span class='ocrx_word' id='word_1_214' title='bbox 1966 3414 2434 3458; x_wconf 62' lang='lat' dir='ltr'><strong>sacramentorum.</strong></span> 
     </span>
     <span class='ocr_line' id='line_1_29' title="bbox 685 3489 2433 3547; baseline -0.003 0"><span class='ocrx_word' id='word_1_215' title='bbox 685 3496 790 3547; x_wconf 62' lang='lat' dir='ltr'><strong>lieo</strong></span> <span class='ocrx_word' id='word_1_216' title='bbox 807 3492 905 3545; x_wconf 74' lang='lat' dir='ltr'><strong>nihi</strong></span> <span class='ocrx_word' id='word_1_217' title='bbox 922 3493 1260 3543; x_wconf 75' lang='lat' dir='ltr'><strong>constiterunt</strong></span> <span class='ocrx_word' id='word_1_218' title='bbox 1277 3490 1527 3541; x_wconf 78' lang='lat' dir='ltr'><strong>Catholici</strong></span> <span class='ocrx_word' id='word_1_219' title='bbox 1543 3491 1597 3541; x_wconf 85' lang='lat' dir='ltr'><strong>in</strong></span> <span class='ocrx_word' id='word_1_220' title='bbox 1614 3489 1897 3541; x_wconf 81' lang='lat' dir='ltr'><strong>definiendo</strong></span> <span class='ocrx_word' id='word_1_221' title='bbox 1918 3489 2295 3543; x_wconf 82' lang='lat' dir='ltr'><strong>Catholioiamo.</strong></span> <span class='ocrx_word' id='word_1_222' title='bbox 2334 3492 2433 3543; x_wconf 78' lang='lat' dir='ltr'><strong>Or·</strong></span> 
     </span>
     <span class='ocr_line' id='line_1_30' title="bbox 689 3574 2436 3640; baseline -0.005 -8"><span class='ocrx_word' id='word_1_223' title='bbox 689 3594 844 3632; x_wconf 73' lang='lat' dir='ltr'><strong>uros</strong></span> <span class='ocrx_word' id='word_1_224' title='bbox 862 3578 898 3627; x_wconf 93' lang='lat'><strong>1.</strong></span> <span class='ocrx_word' id='word_1_225' title='bbox 921 3593 971 3630; x_wconf 87' lang='lat' dir='ltr'><strong>o.</strong></span> <span class='ocrx_word' id='word_1_226' title='bbox 994 3575 1100 3627; x_wconf 73' lang='lat' dir='ltr'><strong>Lib.</strong></span> <span class='ocrx_word' id='word_1_227' title='bbox 1118 3577 1144 3625; x_wconf 90' lang='lat'>1</span> <span class='ocrx_word' id='word_1_228' title='bbox 1164 3592 1212 3627; x_wconf 89' lang='lat' dir='ltr'><strong>c.</strong></span> <span class='ocrx_word' id='word_1_229' title='bbox 1235 3575 1269 3624; x_wconf 84' lang='lat'><strong>2</strong></span> <span class='ocrx_word' id='word_1_230' title='bbox 1282 3608 1299 3637; x_wconf 83' lang='lat'>,</span> <span class='ocrx_word' id='word_1_231' title='bbox 1321 3574 1465 3625; x_wconf 72' lang='lat' dir='ltr'><strong>dicit:</strong></span> <span class='ocrx_word' id='word_1_232' title='bbox 1480 3574 1793 3625; x_wconf 67' lang='lat' dir='ltr'><strong>catholicon</strong></span> <span class='ocrx_word' id='word_1_233' title='bbox 1810 3575 1957 3640; x_wconf 80' lang='lat' dir='ltr'><strong>facit</strong></span> <span class='ocrx_word' id='word_1_234' title='bbox 1973 3574 2195 3640; x_wconf 66' lang='lat' dir='ltr'><strong>simplem</strong></span> <span class='ocrx_word' id='word_1_235' title='bbox 2212 3579 2262 3623; x_wconf 78' lang='lat' dir='ltr'><strong>et</strong></span> <span class='ocrx_word' id='word_1_236' title='bbox 2279 3589 2436 3625; x_wconf 75' lang='lat' dir='ltr'><strong>cerua</strong></span> 
     </span>
     <span class='ocr_line' id='line_1_31' title="bbox 687 3659 2432 3724; baseline -0.004 -10"><span class='ocrx_word' id='word_1_237' title='bbox 687 3662 992 3714; x_wconf 67' lang='lat' dir='ltr'><strong>intellectae</strong></span> <span class='ocrx_word' id='word_1_238' title='bbox 1022 3662 1082 3710; x_wconf 72' lang='lat' dir='ltr'><strong>in</strong></span> <span class='ocrx_word' id='word_1_239' title='bbox 1108 3660 1246 3724; x_wconf 73' lang='lat' dir='ltr'><strong>leqee</strong></span> <span class='ocrx_word' id='word_1_240' title='bbox 1282 3659 1557 3724; x_wconf 62' lang='lat' dir='ltr'><strong>singulare</strong></span> <span class='ocrx_word' id='word_1_241' title='bbox 1588 3673 1651 3708; x_wconf 83' lang='lat' dir='ltr'><strong>oo</strong></span> <span class='ocrx_word' id='word_1_242' title='bbox 1681 3660 2015 3709; x_wconf 65' lang='lat' dir='ltr'><strong>verissimum</strong></span> <span class='ocrx_word' id='word_1_243' title='bbox 2043 3664 2432 3708; x_wconf 65' lang='lat' dir='ltr'><strong>sacramentum</strong></span> 
     </span>
     <span class='ocr_line' id='line_1_32' title="bbox 686 3740 2432 3796; baseline -0.003 0"><span class='ocrx_word' id='word_1_244' title='bbox 686 3754 738 3796; x_wconf 80' lang='lat' dir='ltr'><strong>et</strong></span> <span class='ocrx_word' id='word_1_245' title='bbox 772 3746 959 3796; x_wconf 71' lang='lat' dir='ltr'><strong>unitas</strong></span> <span class='ocrx_word' id='word_1_246' title='bbox 994 3745 1327 3795; x_wconf 71' lang='lat' dir='ltr'><strong>animorum.-</strong></span> <span class='ocrx_word' id='word_1_247' title='bbox 1363 3741 1472 3793; x_wconf 78' lang='lat' dir='ltr'><strong>Lib.</strong></span> <span class='ocrx_word' id='word_1_248' title='bbox 1506 3757 1623 3791; x_wconf 78' lang='lat' dir='ltr'><strong>vero</strong></span> <span class='ocrx_word' id='word_1_249' title='bbox 1653 3741 1725 3792; x_wconf 86' lang='lat'><strong>11.</strong></span> <span class='ocrx_word' id='word_1_250' title='bbox 1763 3758 1811 3791; x_wconf 89' lang='lat' dir='ltr'><strong>c.</strong></span> <span class='ocrx_word' id='word_1_251' title='bbox 1854 3742 1901 3795; x_wconf 90' lang='lat'><strong>1.</strong></span> <span class='ocrx_word' id='word_1_252' title='bbox 1959 3740 2197 3791; x_wconf 69' lang='lat' dir='ltr'><strong>Ecclesia</strong></span> <span class='ocrx_word' id='word_1_253' title='bbox 2239 3742 2432 3792; x_wconf 67' lang='lat' dir='ltr'><strong>Cotho-</strong></span> 
     </span>
     <span class='ocr_line' id='line_1_33' title="bbox 684 3802 2431 3891; baseline -0.002 -10"><span class='ocrx_word' id='word_1_254' title='bbox 684 3832 791 3881; x_wconf 79' lang='lat' dir='ltr'><strong>lioa</strong></span> <span class='ocrx_word' id='word_1_255' title='bbox 825 3836 904 3879; x_wconf 79' lang='lat' dir='ltr'><strong>eat</strong></span> <span class='ocrx_word' id='word_1_256' title='bbox 939 3827 1278 3878; x_wconf 69' lang='lat' dir='ltr'><strong>rationabilia</strong></span> <span class='ocrx_word' id='word_1_257' title='bbox 1314 3832 1366 3876; x_wconf 84' lang='lat' dir='ltr'><strong>et</strong></span> <span class='ocrx_word' id='word_1_258' title='bbox 1398 3827 1593 3891; x_wconf 67' lang='lat' dir='ltr'><strong>ubique</strong></span> <span class='ocrx_word' id='word_1_259' title='bbox 1624 3822 1843 3891; x_wconf 69' lang='lat' dir='ltr'><strong>diffusa.</strong></span> <span class='ocrx_word' id='word_1_260' title='bbox 1913 3824 2179 3875; x_wconf 70' lang='lat' dir='ltr'><strong>Notionem</strong></span> <span class='ocrx_word' id='word_1_261' title='bbox 2212 3802 2431 3877; x_wconf 60' lang='lat' dir='ltr'><strong>anim:</strong></span> 
     </span>
    </p>
   </div>
   <div class='ocr_carea' id='block_1_7' title="bbox 561 3908 2186 4069">
    <p class='ocr_par' dir='ltr' id='par_1_9' title="bbox 561 3908 2186 4069">
     <span class='ocr_line' id='line_1_34' title="bbox 681 3908 2176 3983; baseline -0.006 -18"><span class='ocrx_word' id='word_1_262' title='bbox 681 3914 812 3965; x_wconf 74' lang='lat' dir='ltr'><strong>auiis</strong></span> <span class='ocrx_word' id='word_1_263' title='bbox 843 3912 1246 3979; x_wconf 64' lang='lat' dir='ltr'><strong>propagationis</strong></span> <span class='ocrx_word' id='word_1_264' title='bbox 1278 3908 1467 3973; x_wconf 81' lang='lat' dir='ltr'><strong>ubique</strong></span> <span class='ocrx_word' id='word_1_265' title='bbox 1495 3910 1638 3959; x_wconf 77' lang='lat' dir='ltr'><strong>tenet</strong></span> <span class='ocrx_word' id='word_1_266' title='bbox 1674 3922 1993 3959; x_wconf 72' lang='lat' dir='ltr'><strong>aucun-uns.</strong></span> <span class='ocrx_word' id='word_1_267' title='bbox 2158 3970 2176 3983; x_wconf 39' lang='lat' dir='ltr'><em>ae</em></span> 
     </span>
     <span class='ocr_line' id='line_1_35' title="bbox 561 3988 2186 4069; baseline -0.001 -23"><span class='ocrx_word' id='word_1_268' title='bbox 561 3997 640 4069; x_wconf 74' lang='lat'><strong>(4)</strong></span> <span class='ocrx_word' id='word_1_269' title='bbox 674 3998 746 4048; x_wconf 80' lang='lat' dir='ltr'><strong>De</strong></span> <span class='ocrx_word' id='word_1_270' title='bbox 777 3994 909 4047; x_wconf 79' lang='lat' dir='ltr'><strong>unit.</strong></span> <span class='ocrx_word' id='word_1_271' title='bbox 947 3994 1084 4047; x_wconf 75' lang='lat'>1001.</span> <span class='ocrx_word' id='word_1_272' title='bbox 1126 3994 1151 4063; x_wconf 61' lang='grc' dir='ltr'><strong>ς</strong></span> <span class='ocrx_word' id='word_1_273' title='bbox 1185 3993 1237 4044; x_wconf 83' lang='lat'><strong>2.</strong></span> <span class='ocrx_word' id='word_1_274' title='bbox 1293 3992 1370 4045; x_wconf 69' lang='lat' dir='ltr'><strong>Cf.</strong></span> <span class='ocrx_word' id='word_1_275' title='bbox 1410 4008 1458 4044; x_wconf 82' lang='lat' dir='ltr'><strong>e.</strong></span> <span class='ocrx_word' id='word_1_276' title='bbox 1498 3992 1603 4045; x_wconf 82' lang='lat' dir='ltr'><strong>litt.</strong></span> <span class='ocrx_word' id='word_1_277' title='bbox 1636 3992 1747 4043; x_wconf 72' lang='lat' dir='ltr'><strong>ret.</strong></span> <span class='ocrx_word' id='word_1_278' title='bbox 1783 3988 1918 4044; x_wconf 74' lang='lat' dir='ltr'><strong>Lib..</strong></span> <span class='ocrx_word' id='word_1_279' title='bbox 1960 3990 2013 4041; x_wconf 85' lang='lat'><strong>11</strong></span> <span class='ocrx_word' id='word_1_280' title='bbox 2045 3990 2069 4057; x_wconf 65' lang='grc' dir='ltr'><strong>ς</strong></span> <span class='ocrx_word' id='word_1_281' title='bbox 2099 3992 2186 4044; x_wconf 82' lang='grc'><strong>91.</strong></span> 
     </span>
    </p>
   </div>
   <div class='ocr_carea' id='block_1_8' title="bbox 2818 3852 2843 4874">
    <p class='ocr_par' dir='ltr' id='par_1_10' title="bbox 2818 3852 2843 4874">
     <span class='ocr_line' id='line_1_36' title="bbox 2818 3852 2843 4874; baseline 0 0"><span class='ocrx_word' id='word_1_282' title='bbox 2818 3852 2843 4874; x_wconf 95' lang='lat' dir='ltr'><strong> </strong></span> 
     </span>
    </p>
   </div>
  </div>
 </body>
</html>
