2917 4967
1492 397 1628 471 100

1482 616 1769 712 33...

775 869 1204 934 Controversia
1233 873 1479 956 agitata
1510 866 1589 931 de
1622 890 1727 947 eo,
1776 890 1924 933 num
1947 875 2007 934 νί
2034 877 2124 935 uti
2154 870 2345 937 liceat

1299 994 1368 1049 in
1401 985 1585 1051 rebus
1614 992 1837 1053 sacris.

681 1220 946 1310 Egregie
980 1221 1090 1285 hic
1121 1242 1160 1285 a
1195 1220 1540 1286 Donatistis
1574 1236 1831 1311 urgetur
1864 1243 1939 1288 ac
1980 1220 2339 1288 defenditur
2371 1243 2518 1289 con-

593 1336 888 1403 scientiae
933 1336 1188 1403 libertas
1236 1335 1509 1427 fideique
1554 1326 1997 1427 qualiscunque
2040 1337 2517 1428 amplectendae

586 1456 686 1540 jus
702 1500 722 1537 ,
768 1454 1255 1545 provocantibus
1291 1451 1425 1519 ad
1405 1459 1598 1543 ipsius
1637 1454 1760 1521 Dei
1794 1454 1829 1519 J
1830 1476 2063 1543 esuque
2084 1470 2151 1521 et
2178 1455 2518 1545 Apostolo-

593 1596 736 1641 rum
759 1573 1138 1663 exemplum,
1165 1588 1350 1662 atque
1369 1570 1452 1638 ad
1466 1571 1785 1664 religionis
1798 1571 2183 1639 Christianae
2202 1570 2511 1642 indolem.

591 1691 800 1757 Deum
841 1692 1010 1757 enim
1053 1690 1390 1780 unicuique
1426 1690 1696 1756 liberum
1742 1688 2069 1755 arbitrium
2116 1686 2360 1756 dedisse
2374 1737 2397 1775 ,
2442 1706 2517 1755 ut

587 1808 778 1899 eligat
791 1856 812 1892 ,
870 1806 1043 1897 quod
1087 1808 1262 1874 velit.
1353 1807 1388 1872 J
1391 1830 1565 1873 esum
1608 1822 1676 1874 et
1702 1804 2059 1896 ‘Apostolos
2097 1808 2417 1873 neminem
2448 1808 2515 1874 vi

588 1926 864 2017 coegisse
913 1923 996 1991 ad
1045 1924 1269 2008 fidem,
1327 1924 1654 2015 religioni,
1712 1946 1901 2013 quam
1940 1923 2509 2009 commendabant,

585 2042 963 2109 habendam.
1025 2043 1151 2132 Ipsi
1172 2043 1362 2109 etiam
1385 2041 1537 2107 huic
1556 2041 1846 2132 religioni
1861 2063 1994 2108 non
2018 2057 2513 2109 consentaneum

585 2182 718 2227 ense
738 2159 920 2228 illud.

670 2277 1012 2345 Infeliciter
1042 2293 1265 2345 contra
1294 2299 1402 2343 eos
1433 2276 1711 2367 disputat
1741 2277 2145 2369 Augustinus.
2236 2276 2380 2369 Ipse
2404 2276 2510 2345 de-

581 2394 872 2461 fenderat
894 2410 1080 2461 antea
1094 2442 1114 2479 ,
1142 2395 1464 2461 neminem
1490 2393 1573 2461 ad
1592 2395 1921 2461 veritatem
1946 2396 2091 2486 cogi
2116 2393 2351 2464 debere
2376 2392 2503 2487 (1),

581 2527 651 2578 at
677 2535 822 2578 cum
849 2528 1058 2579 tractu
1085 2513 1388 2602 temporis
1417 2513 1501 2577 ab
1522 2513 1643 2577 hac
1672 2510 1983 2578 sentiendi
2007 2512 2255 2579 ratione
2282 2510 2509 2579 disces-

582 2631 759 2699 sisset
775 2680 794 2715 ,
819 2632 1140 2722 ingenium
1165 2630 1224 2695 ei
1249 2628 1670 2721 suppeditavit
1692 2644 2089 2720 argumenta,
2112 2630 2336 2719 quibus
2360 2650 2539 2697 con-.

581 2751 842 2817 trax-ium
862 2751 1136 2840 probare
1159 2749 1280 2815 sibi
1305 2747 1658 2815 videbatur.
1731 2750 1826 2814 Ea
1855 2770 2007 2815 vero
2031 2748 2122 2814 ita
2145 2770 2215 2814 se
2233 2748 2503 2833 habent,

580 2886 652 2936 ut
672 2890 888 2951 neme,
917 2867 1036 2933 nisi
1058 2863 1492 2957 praejudicata
1515 2866 1789 2933 imbutus
1808 2865 2134 2955 opinione,
2163 2865 2240 2931 iis
2262 2866 2510 2931 moveri

581 2986 802 3075 possit,
833 2999 905 3048 ut
923 2984 993 3050 in
1023 2986 1153 3070 ejus
1179 2984 1364 3079 abeat
1391 2984 1788 3051 sententiam.
1830 2984 2061 3049 Omnia
2090 2958 2261 3049 enim
2281 2998 2507 3049 testan-

577 3118 713 3186 tur,
759 3124 907 3167 eum
937 3102 1170 3167 malam
1223 3123 1362 3166 rem
1411 3099 1773 3168 defendere.
1876 3100 2196 3167 Provocat
2248 3097 2503 3187 quidem

567 3218 666 3284 'ad
721 3218 845 3283 Dei
885 3240 1029 3283 cum
1074 3218 1435 3284 hominibus
1480 3216 1703 3308 agendi
1752 3217 2096 3301 rationem,
2153 3236 2280 3303 qua
2320 3214 2505 3281 malis

578 3336 920 3425 poenisque
959 3332 1222 3401 subinde
1257 3333 1613 3400 afficiuntur
1627 3382 1648 3418 ,
1694 3349 1767 3399 ut
1798 3332 1879 3399 ad
1905 3333 2149 3398 bonum
2172 3330 2505 3399 flectantur

580 3466 766 3541 atque
815 3449 897 3517 ad
929 3450 1124 3517 fidem
1165 3451 1226 3516 ei
1261 3448 1622 3519 habendam
1660 3449 2070 3517 adducantur.
2185 3450 2275 3517 At
2303 3472 2499 3537 νει-ος

577 3592 660 3635 an
689 3568 910 3636 eadem
943 3570 1160 3639 locum
1189 3569 1435 3640 obtinet
1457 3569 1621 3634 ratio
1652 3569 1857 3634 Deum
1886 3569 2051 3635 inter
2080 3584 2145 3634 et
2171 3569 2459 3636 homines
2473 3618 2494 3653 ,

579 3708 740 3775 quae
773 3684 1060 3751 homines
1103 3685 1268 3751 inter
1299 3700 1364 3751 et
1394 3678 1725 3751 homines?
1778 3682 2007 3760 Nonne
2032 3688 2123 3753 ita
2161 3685 2334 3776 quod
2355 3687 2497 3753 Deo

577 3802 697 3867 soli
734 3802 979 3889 privum
1019 3816 1114 3866 est
1154 3824 1229 3889 ac
1269 3802 1596 3891 proprium
1615 3850 1634 3885 ‚
1683 3802 2039 3870 extenditur
2068 3806 2257 3869 etiam
2288 3785 2363 3871 ad
2385 3805 2498 3869 ho-

636 4084 714 4148 (1)
749 4082 825 4136 Cf.
863 4084 952 4149 Ep.
996 4080 1108 4131 185.
