2917 4967
1331 392 1426 466 119

407 640 576 689 nem·
595 618 748 689 cum
785 642 866 688 eo
918 621 1200 689 colerent
1217 670 1238 707 ,
1285 624 1542 713 periisse
1584 644 1797 689 veram
1837 625 2067 691 Christi
2109 629 2323 695 Eccle-

405 723 583 806 siam.
600 776 684 789 —
708 740 961 805 Partem
979 755 1202 805 contra
1223 740 1458 807 Donati
1476 784 1497 825 ,
1529 742 1599 807 in
1620 765 1744 831 qua
1768 743 1945 809 nulla
1962 748 2325 813 communio
2350 776 2357 783 ·

409 881 556 923 cum
582 860 1020 948 peccatoribus
1046 859 1147 924 vel
1170 858 1577 925 traditoribus
1606 860 1957 927 habebatur
1972 911 1991 945 ,
2039 886 2325 952 quaeque

404 992 740 1065 propterea
776 1001 843 1042 se
885 1002 922 1041 a
957 979 1180 1043 ceteris
1209 979 1570 1043 Christianis
1598 996 1987 1067 separaverat
2002 1029 2022 1063 ,
2068 994 2139 1046 ut
2164 1004 2323 1070 pura

405 1107 469 1181 et
518 1093 922 1159 immaculata
975 1096 1239 1160 societas
1304 1112 1586 1160 maneret
1600 1143 1620 1179 ,
1684 1104 2017 1161 sanctitate
2069 1097 2355 1187 gloriari·

399 1232 604 1298 posse.
699 1211 861 1276 Cum
889 1213 1049 1278 haec
1082 1214 1272 1303 igitur
1295 1212 1638 1279 sanctitatis
1665 1215 1858 1279 virtus
1888 1214 2007 1279 soli
2036 1215 2323 1280 societati

401 1328 874 1395 Donatistarum
913 1332 1173 1420 propria
1202 1331 1313 1413 sit,
1360 1354 1575 1395 veram
1622 1332 1852 1397 Christi
1876 1332 2221 1397 Ecclesiam
2251 1332 2321 1397 in

400 1448 575 1511 omni
627 1463 936 1525 terrarum
969 1450 1124 1514 orbe
1154 1449 1412 1538 periisse
1431 1496 1452 1532 ,
1498 1464 1565 1515 et
1597 1450 1667 1514 in
1703 1448 1840 1516 sola
1879 1449 2114 1515 Donati
2146 1464 2325 1540 parte

404 1581 723 1654 superesse
754 1562 880 1653 (1).

490 1680 903 1746 sanctitatem
930 1698 1154 1748 autem
1186 1684 1538 1749 necessario
1571 1682 1653 1748 ad
1678 1682 1959 1749 indolem
1988 1707 2171 1750 verae
2200 1685 2320 1750 Ec-

401 1797 629 1864 clesiae
663 1800 977 1887 pertinere
996 1848 1015 1882 ,
1049 1798 1199 1865 inde
1222 1794 1505 1889 ⁶probare
1532 1800 1785 1866 student
1799 1846 1818 1884 ,
1859 1799 2033 1889 quod
2070 1799 2315 1866 dicant:

397 1916 786 1980 »Ecclesiam
811 1916 1071 1981 Domini
1096 1926 1161 1981 in
1189 1920 1524 2008 Scripturis
1539 1920 1788 1985 Divinis
1811 1932 2095 1983 sanctam
2121 1933 2187 1982 et
2208 1928 2321 1985 im-

399 2035 770 2099 maculatam
772 2035 930 2123 fore
952 2034 1176 2125 ubique
1197 2037 1610 2103 nuntiatam.”
1641 2037 1738 2101 Eo
1758 2037 2022 2102 consilio
2044 2037 2323 2103 innume-

397 2174 469 2215 ra
492 2151 625 2216 fere
650 2153 1008 2217 testimonia
1033 2168 1164 2226 tam
1181 2176 1257 2218 ex
1267 2152 1507 2238 Veteri,
1530 2178 1717 2243 quam
1744 2178 1820 2219 ex
1836 2154 2021 2219 Novo
2036 2153 2320 2219 Foedere

397 2266 704 2351 afferunt,
731 2292 794 2334 v.
827 2292 885 2336 c.
917 2270 1041 2336 JeS.
1073 2269 1337 2337 XXXV.
1364 2272 1497 2336 LII.
1540 2295 1593 2336 1.
1625 2272 1817 2339 LXII.
1860 2272 1960 2354 13,
2003 2275 2101 2351 14.
2129 2273 2312 2337 Cant.

395 2383 604 2459 Cantt.
641 2385 752 2451 IV.
791 2410 854 2474 7.
891 2385 1056 2474 Eph.
1101 2386 1182 2451 V.
1214 2385 1495 2474 25—27.·
1519 2410 1557 2450 2
1591 2389 1742 2454 Cor.
1774 2389 1889 2453 XI.
1925 2411 1988 2453 2.
2028 2389 2151 2453 et'c.
2192 2380 2310 2476 (2).

392 2500 499 2566 Ad
531 2502 640 2567 illa
671 2504 861 2567 etiam
888 2503 1034 2567 loca
1057 2520 1440 2590 provocant3
1484 2503 1707 2591 quibus
1734 2501 1953 2567 doceri
1980 2501 2307 2585 dicebant,

390 2617 756 2681 Christianis
797 2619 1162 2683 incumbere
1197 2642 1236 2682 a
1266 2619 1445 2683 malis
1478 2642 1545 2683 se
1576 2642 1898 2709 segregare
1930 2635 1995 2685 et
2021 2635 2313 2708 peccato-

388 2756 490 2797 res
535 2732 816 2797 Ecclesia
857 2729 1106 2819 ejicere.
1146 2757 1211 2800 v.
1253 2758 1312 2800 c.
1350 2734 1454 2801 Ps.
1497 2735 1549 2801 Ι.
1598 2758 1652 2800 1.
1689 2736 1894 2800 Ecles.
1934 2736 2167 2801 XXIII.
2200 2736 2307 2801 28.

389 2850 554 2940 Eph.
582 2848 663 2915 V.
694 2873 796 2915 11.
846 2874 873 2914 1
908 2852 1058 2917 Cor.
1097 2850 1179 2917 V.
1211 2852 1287 2936 6,
1327 2875 1437 2934 11,
1480 2851 1579 2917 13.
1614 2875 1650 2915 2
1685 2854 1835 2916 Cor.
1874 2850 1986 2918 VI.
2035 2856 2143 2935 14,
2180 2868 2303 2919 cet.

478 2968 567 3031 Ut
603 2968 768 3031 hanc
819 2983 1026 3033 autem
1076 2968 1549 3059 argumentandi
1588 2971 1900 3035 rationem
1932 2970 2305 3036 corrobora-

392 3098 564 3167 rent,
597 3084 720 3149 alia
748 3085 938 3149 etiam
966 3101 1330 3175 argumenta
1359 3084 1759 3163 addiderunt.

477 3201 759 3267 Primum
789 3201 1006 3267 locum
1049 3219 1322 3293 occupat
1345 3202 1779 3294 argumentum
1806 3228 1843 3270 e
1860 3211 2311 3293 per-secationi-

396 3317 509 3382 bas
561 3300 850 3408 petitum.
945 3319 1128 3384 Illam
1174 3320 1524 3386 Ecclesiam
1570 3343 1786 3387 veram
1816 3344 1948 3387 esse
1974 3321 2268 3389 dicebant
2284 3373 2303 3408 ,

387 3458 549 3527 quae
566 3443 1061 3524 persecutionem
1075 3446 1347 3527 patitur,
1379 3462 1507 3505 non
1538 3462 1699 3528 quac
1710 3438 1893 3528 facit
1914 3439 2034 3530 (3).
2092 3440 2311 3509 Perse-

447 3802 526 3871 (l)
559 3803 704 3853 conf.
740 3804 955 3868 August.
990 3802 1054 3853 de
1086 3803 1224 3856 uuit.
1258 3802 1395 3855 Eccl.
1436 3801 1460 3868 ς
1498 3802 1585 3852 83.

441 3886 524 3951 (2)
557 3887 718 3937 Conff.
761 3888 977 3936 Litterae
1005 3886 1374 3935 Donatistarum
1403 3886 1469 3935 ad
1500 3886 1838 3937 Marcellinum
1870 3888 1921 3937 in
1956 3890 2249 3955 Appendice
2267 3892 2322 3942 Τ.

575 3969 645 4018 lx
681 3971 809 4034 opp.
846 3959 1057 4031 August.
1097 3984 1148 4032 p.
1186 3967 1253 4015 44
1289 3979 1433 4031 seqq.

455 4050 536 4117 (3)
571 4050 708 4100 θεοί.
749 4051 930 4101 collat.
966 4050 1023 4099 d.
1055 4050 1135 4099 111
1171 4066 1220 4099 ο.
1255 4050 1340 4101 22.
1381 4052 1418 4101 Ι.
1457 4067 1506 4102 ο.

2033 4161 2071 4232 4
