2917 4967
1508 412 1603 483 86

687 647 1048 715 provocant
1085 650 1342 737 insuper
1385 646 1469 713 ad
1506 647 1860 735 exemplum
1898 647 2059 727 Dei,
2106 648 2217 733 qui
2250 647 2523 716 liberum

603 768 930 833 arbitrium
949 766 1306 831 hominibus
1339 762 1547 847 dedit,
1590 780 1662 827 ut
1686 764 1988 853 eligerent
2002 810 2021 845 ,
2054 762 2227 851 quod
2248 765 2482 831 vellent
2496 815 2523 847 ,

603 906 806 971 eoque
825 882 1091 947 oonsilio
1105 882 1442 949 Petilianus
1457 880 1643 945 affert
1667 878 1907 945 dietum
1916 881 1950 943 J
1954 901 2059 945 esu
2073 880 2131 968 (J
2134 882 2242 945 oh.
2256 881 2369 947 VI.
2384 884 2518 970 44);

601 1001 800 1067 Nemo
841 1007 1012 1065 venit
1047 998 1139 1063 ad
1177 1022 1305 1079 me,
1347 1006 1481 1067 nisi
1526 1020 1708 1087 quem
1742 998 1941 1063 Pater
1974 998 2295 1078 adua-vin
2340 1015 2527 1087 atque

601 1114 758 1183 illud
797 1116 1138 1183 Catholicis
1171 1115 1509 1201 objiciens,
1558 1113 1744 1183 dicit:
1792 1116 1955 1183 »Cur
1994 1130 2204 1182 autem
2240 1139 2354 1187 vos
2384 1140 2527 1189 non

603 1234 872 1302 liberum
901 1234 1225 1302 arbitrium
1247 1232 1583 1320 unicuique
1606 1233 1783 1320 sequi
1806 1233 2161 1321 permittitis
2175 1281 2194 1314 ,
2228 1233 2527 1321 cumipse

603 1349 913 1417 Dominus
959 1351 1132 1418 Deus
1188 1350 1459 1418 liba-uin
1490 1350 1817 1417 arbitrium
1855 1348 2100 1417 dederit
2130 1351 2528 1432 honunibus3

605 1467 769 1541 viam
805 1483 1020 1533 tamen
1069 1468 1342 1553 justitiae
1401 1465 1737 1535 ostendens
1750 1514 1771 1549 ‚
1818 1480 1901 1531 ne
1942 1468 2079 1555 quis
2117 1467 2379 1535 forsitan
2422 1490 2533 1536 ne-

606 1582 807 1652 sciens
837 1582 1151 1672 deperiret
1166 1583 1224 1646 ?”
1254 1584 1345 1671 (1)

693 1699 934 1765 Eadem
969 1700 1104 1765 fere
1133 1700 1540 1767 Gaudentius.
1634 1700 1797 1767 »Per
1820 1701 2120 1791 opificem
2152 1726 2368 1769 rerum
2402 1726 2537 1769 om-

603 1815 777 1887 nium
791 1817 850 1901 ,”
887 1819 1090 1905 inquit
1105 1858 1128 1900 ‚
1175 1818 1555 1885 »Dominum
1592 1818 1908 1883 Christum
1937 1819 2336 1906 omnipotens
2359 1820 2528 1885 Deus

605 1934 980 2003 fabricatum
1022 1935 1348 2002 hominem
1388 1950 1460 2001 ut
1510 1934 1653 2001 Deo
1700 1934 1969 1999 similem
1982 1980 2003 2015 ,
2048 1934 2253 2003 libero
2300 1934 2539 2003 dimisit

610 2052 892 2121 arbitrio.
986 2052 1305 2141 Scriptum
1339 2068 1436 2119 est
1478 2052 1649 2119 enim
1686 2050 1952 2139 (Eccles.
1986 2050 2129 2117 XV.
2172 2051 2307 2139 ¹4)²
2354 2055 2540 2123 Facit

610 2170 785 2234 Deus
833 2168 1143 2237 hominem
1185 2182 1252 2239 et
1286 2168 1535 2239 dimisit
1574 2192 1713 2233 eum
1754 2175 1821 2234 ἰιι
1864 2191 2057 2237 manu
2104 2168 2358 2233 arbitrii
2406 2180 2530 2237 sui.

615 2282 787 2364 Quid
823 2285 980 2348 mihi
1011 2307 1180 2349 nunc
1209 2286 1487 2350 humano
1525 2284 1793 2373 imperio
1820 2284 2112 2373 eripitur,
2161 2283 2334 2371 quod
2355 2284 2543 2375 largi·-

555 2464 560 2469 ,
615 2416 714 2465 tus
760 2416 858 2473 est
904 2400 1118 2468 Deus?
1201 2400 1511 2485 Adverte,
1572 2416 1803 2488 quanta
1850 2401 1919 2467 in
1969 2402 2177 2467 Deum
2214 2402 2538 2493 sacrilegia

616 2532 1086 2607 perpetrentur,
1135 2536 1205 2585 ut
1261 2518 1436 2607 quod
1488 2520 1605 2587 Ille
1660 2520 1914 2602 tribuit,
1981 2520 2221 2588 auferat
2265 2521 2543 2589 humana

615 2638 998 2723 praesumtio
1019 2684 1040 2719 ,
1075 2652 1141 2703 et
1185 2659 1305 2725 pro
1342 2636 1483 2703 Deo
1532 2658 1600 2703 se
1650 2635 1721 2701 id
1768 2636 1979 2703 faeere
2008 2638 2277 2703 inaniter
2316 2641 2537 2725 jactet·

621 2751 855 2843 Magna
879 2754 1000 2820 Dei
1023 2754 1280 2839 injuria,
1327 2753 1381 2821 si
1411 2753 1493 2819 ab
1514 2752 1877 2819 hominibus
1900 2753 2296 2821 defendatur.
2372 2754 2547 2837 Quid

627 2867 708 2937 de
746 2870 889 2938 Deo
937 2870 1220 2937 aestimat
1237 2916 1260 2951 ,
1307 2869 1410 2956 qui
1466 2892 1610 2937 eum
1652 2870 1955 2937 violentia
1987 2872 2123 2937 vult
2162 2870 2499 2939 defendere
2515 2922 2535 2957 ‚

626 2986 746 3053 nisi
797 2986 943 3073 quia
979 3004 1113 3055 non
1153 2986 1320 3052 valet
1359 3008 1502 3053 suas
1539 2988 1674 3075 ipse
1710 2988 1962 3073 injurias
2000 2987 2319 3059 vindicare
2332 2988 2392 3052 ?”
2422 2988 2537 3076 (n).
2662 3066 2683 3080 .
2748 3054 2755 3061 ,

542 3194 548 3201 ι
625 3102 708 3170 Et
758 3125 997 3170 rursus:
1068 3102 1187 3169 »ad
1247 3101 1608 3171 docendum
1665 3104 1971 3193 populum
2009 3102 2199 3169 Israel
2253 3104 2547 3191 omnipo-⁵

626 3233 765 3286 teus
788 3219 959 3287 Deus
983 3219 1316 3308 Prophetis
1343 3220 1754 3310 praeconium
1780 3218 1983 3303 dedit,
2008 3242 2141 3285 non
2158 3219 2408 3307 regibus
2429 3220 2543 3285 im-

624 3337 886 3425 peravit.
980 3336 1264 3403 Salvator
1303 3339 1648 3405 animarum
1690 3338 1996 3401 Dominus
2034 3337 2313 3401 Christus
2342 3336 2429 3401 ad
2452 3338 2547 3402 in-

629 3451 999 3518 sinuandam
1028 3452 1220 3518 fidem
1248 3454 1589 3544 piscatores
1608 3502 1627 3535 ,
1676 3476 1804 3517 non
1838 3454 2065 3519 milites
2091 3454 2258 3518 misit
2280 3454 2432 3542 (3).”

719 3544 856 3636 Nec
891 3593 1141 3635 eausam
1177 3571 1410 3635 habere
1436 3570 1798 3637 Catholioos
1811 3619 1831 3652 ,
1882 3588 1993 3635 our
2022 3572 2379 3637 Donatistas-
2408 3590 2549 3661 per-

629 3704 985 3777 sequantur,
1008 3687 1162 3753 dicit
1178 3687 1539 3769 Petilianus3
1570 3688 1657 3753 »si
1680 3690 1847 3757 enim
1868 3690 2295 3772 innocentia,’'
2311 3687 2541 3778 inquit,

686 3916 764 3982 (1)
795 3914 926 3965 Ibid.
960 3914 1066 3964 mh.
1104 3915 1156 3964 11
1192 3915 1215 3980 ς
1259 3915 1374 3965 185.

687 3996 766 4059 (2)
800 3996 857 4045 C.
886 3996 1135 4048 Gaudent.
1174 3996 1279 4049 Lib.
1320 3997 1344 4045 1
1385 3996 1407 4061 ς
1441 3997 1531 4047 20.

563 4114 572 4123 .
687 4079 770 4145 (3)
800 4077 930 4131 lbid.
968 4079 1072 4129 Lib.
1106 4080 1129 4127 1
1167 4079 1190 4143 ς
1225 4078 1308 4131 44.
