<?xml version="1.0" encoding="UTF-8"?>
<!DOCTYPE html PUBLIC "-//W3C//DTD XHTML 1.0 Transitional//EN"
    "http://www.w3.org/TR/xhtml1/DTD/xhtml1-transitional.dtd">
<html xmlns="http://www.w3.org/1999/xhtml" xml:lang="en" lang="en">
 <head>
  <title>
</title>
<meta http-equiv="Content-Type" content="text/html;charset=utf-8" />
  <meta name='ocr-system' content='tesseract 3.04.00' />
  <meta name='ocr-capabilities' content='ocr_page ocr_carea ocr_par ocr_line ocrx_word'/>
</head>
<body>
  <div class='ocr_page' id='page_1' title='image "./deaurelioaugust00rouxgoog_0052.png"; bbox 0 0 2917 4967; ppageno 0'>
   <div class='ocr_carea' id='block_1_1' title="bbox 1457 370 1555 451">
    <p class='ocr_par' dir='ltr' id='par_1_1' title="bbox 1457 370 1555 451">
     <span class='ocr_line' id='line_1_1' title="bbox 1457 370 1555 451; baseline -0.102 0"><span class='ocrx_word' id='word_1_1' title='bbox 1457 370 1555 451; x_wconf 67' lang='lat'><strong>34</strong></span> 
     </span>
    </p>
   </div>
   <div class='ocr_carea' id='block_1_2' title="bbox 549 602 2485 1623">
    <p class='ocr_par' dir='ltr' id='par_1_2' title="bbox 549 602 2485 1623">
     <span class='ocr_line' id='line_1_2' title="bbox 549 602 2471 702; baseline -0.003 -25"><span class='ocrx_word' id='word_1_2' title='bbox 549 628 830 702; x_wconf 77' lang='lat' dir='ltr'><strong>pressum</strong></span> <span class='ocrx_word' id='word_1_3' title='bbox 857 609 934 673; x_wconf 86' lang='lat' dir='ltr'><strong>iri</strong></span> <span class='ocrx_word' id='word_1_4' title='bbox 957 606 1286 701; x_wconf 69' lang='lat' dir='ltr'><strong>putabant.</strong></span> <span class='ocrx_word' id='word_1_5' title='bbox 1381 602 1519 679; x_wconf 71' lang='lat' dir='ltr'><strong>Nec</strong></span> <span class='ocrx_word' id='word_1_6' title='bbox 1556 626 1634 668; x_wconf 81' lang='lat' dir='ltr'><strong>ex</strong></span> <span class='ocrx_word' id='word_1_7' title='bbox 1673 602 1835 666; x_wconf 80' lang='lat' dir='ltr'><strong>votis</strong></span> <span class='ocrx_word' id='word_1_8' title='bbox 1868 616 2081 667; x_wconf 84' lang='lat' dir='ltr'><strong>tamen</strong></span> <span class='ocrx_word' id='word_1_9' title='bbox 2122 622 2225 665; x_wconf 87' lang='lat' dir='ltr'><strong>res</strong></span> <span class='ocrx_word' id='word_1_10' title='bbox 2268 604 2471 671; x_wconf 77' lang='lat' dir='ltr'><strong>cessit.</strong></span> 
     </span>
     <span class='ocr_line' id='line_1_3' title="bbox 551 717 2481 813; baseline -0.004 -18"><span class='ocrx_word' id='word_1_11' title='bbox 551 728 716 795; x_wconf 82' lang='lat' dir='ltr'><strong>Nam</strong></span> <span class='ocrx_word' id='word_1_12' title='bbox 745 724 930 791; x_wconf 85' lang='lat' dir='ltr'><strong>multi</strong></span> <span class='ocrx_word' id='word_1_13' title='bbox 967 720 1224 813; x_wconf 87' lang='lat' dir='ltr'><strong>quidem</strong></span> <span class='ocrx_word' id='word_1_14' title='bbox 1275 719 1358 787; x_wconf 86' lang='lat' dir='ltr'><strong>ad</strong></span> <span class='ocrx_word' id='word_1_15' title='bbox 1395 719 1747 788; x_wconf 82' lang='lat' dir='ltr'><strong>Ecclesiam</strong></span> <span class='ocrx_word' id='word_1_16' title='bbox 1778 717 2175 788; x_wconf 74' lang='lat' dir='ltr'><strong>Catholicm</strong></span> <span class='ocrx_word' id='word_1_17' title='bbox 2206 742 2481 789; x_wconf 62' lang='lat' dir='ltr'><strong>aum</strong></span> 
     </span>
     <span class='ocr_line' id='line_1_4' title="bbox 551 832 2483 931; baseline -0.004 -22"><span class='ocrx_word' id='word_1_18' title='bbox 551 859 697 909; x_wconf 84' lang='lat' dir='ltr'><strong>runt</strong></span> <span class='ocrx_word' id='word_1_19' title='bbox 711 891 729 925; x_wconf 91' lang='lat'><strong>,</strong></span> <span class='ocrx_word' id='word_1_20' title='bbox 756 840 1012 931; x_wconf 87' lang='lat' dir='ltr'><strong>plurimi</strong></span> <span class='ocrx_word' id='word_1_21' title='bbox 1031 862 1182 905; x_wconf 81' lang='lat' dir='ltr'><strong>vero</strong></span> <span class='ocrx_word' id='word_1_22' title='bbox 1197 836 1493 903; x_wconf 80' lang='lat' dir='ltr'>horribili</span> <span class='ocrx_word' id='word_1_23' title='bbox 1514 836 1707 902; x_wconf 87' lang='lat' dir='ltr'><strong>morti</strong></span> <span class='ocrx_word' id='word_1_24' title='bbox 1732 858 1797 901; x_wconf 85' lang='lat' dir='ltr'><strong>se</strong></span> <span class='ocrx_word' id='word_1_25' title='bbox 1814 832 2096 918; x_wconf 80' lang='lat' dir='ltr'><strong>tradere,</strong></span> <span class='ocrx_word' id='word_1_26' title='bbox 2112 857 2307 923; x_wconf 86' lang='lat' dir='ltr'><strong>quam</strong></span> <span class='ocrx_word' id='word_1_27' title='bbox 2328 860 2483 907; x_wconf 78' lang='lat' dir='ltr'><strong>eum</strong></span> 
     </span>
     <span class='ocr_line' id='line_1_5' title="bbox 551 950 2476 1049; baseline -0.003 -22"><span class='ocrx_word' id='word_1_28' title='bbox 551 982 740 1027; x_wconf 82' lang='lat' dir='ltr'><strong>exosa</strong></span> <span class='ocrx_word' id='word_1_29' title='bbox 761 958 1038 1049; x_wconf 86' lang='lat' dir='ltr'><strong>partein</strong></span> <span class='ocrx_word' id='word_1_30' title='bbox 1059 955 1326 1047; x_wconf 78' lang='lat' dir='ltr'><strong>gratiam</strong></span> <span class='ocrx_word' id='word_1_31' title='bbox 1359 952 1569 1021; x_wconf 85' lang='lat' dir='ltr'><strong>redire</strong></span> <span class='ocrx_word' id='word_1_32' title='bbox 1594 952 1935 1021; x_wconf 84' lang='lat' dir='ltr'><strong>malebant.</strong></span> <span class='ocrx_word' id='word_1_33' title='bbox 2022 950 2315 1042; x_wconf 75' lang='lat' dir='ltr'>Inprimis</span> <span class='ocrx_word' id='word_1_34' title='bbox 2338 954 2476 1021; x_wconf 82' lang='lat' dir='ltr'><strong>cir-</strong></span> 
     </span>
     <span class='ocr_line' id='line_1_6' title="bbox 551 1070 2485 1161; baseline -0.005 -16"><span class='ocrx_word' id='word_1_35' title='bbox 551 1076 998 1145; x_wconf 85' lang='lat' dir='ltr'><strong>cumcelliones</strong></span> <span class='ocrx_word' id='word_1_36' title='bbox 1047 1095 1217 1143; x_wconf 83' lang='lat' dir='ltr'><strong>novo</strong></span> <span class='ocrx_word' id='word_1_37' title='bbox 1265 1070 1493 1145; x_wconf 77' lang='lat' dir='ltr'><strong>ardore</strong></span> <span class='ocrx_word' id='word_1_38' title='bbox 1540 1086 1775 1141; x_wconf 85' lang='lat' dir='ltr'><strong>terram</strong></span> <span class='ocrx_word' id='word_1_39' title='bbox 1806 1086 2251 1161; x_wconf 74' lang='lat' dir='ltr'><strong>peragrarunt,</strong></span> <span class='ocrx_word' id='word_1_40' title='bbox 2292 1070 2485 1143; x_wconf 68' lang='lat' dir='ltr'><strong>aeden</strong></span> 
     </span>
     <span class='ocr_line' id='line_1_7' title="bbox 553 1182 2479 1285; baseline 0 -24"><span class='ocrx_word' id='word_1_41' title='bbox 553 1193 1030 1263; x_wconf 79' lang='lat' dir='ltr'><strong>catholicorum</strong></span> <span class='ocrx_word' id='word_1_42' title='bbox 1053 1212 1200 1285; x_wconf 73' lang='lat' dir='ltr'><strong>curn</strong></span> <span class='ocrx_word' id='word_1_43' title='bbox 1227 1182 1501 1280; x_wconf 75' lang='lat' dir='ltr'><strong>privatas</strong></span> <span class='ocrx_word' id='word_1_44' title='bbox 1515 1236 1537 1272; x_wconf 90' lang='lat'>‚</span> <span class='ocrx_word' id='word_1_45' title='bbox 1564 1204 1703 1257; x_wconf 83' lang='lat' dir='ltr'><strong>tum</strong></span> <span class='ocrx_word' id='word_1_46' title='bbox 1729 1188 2015 1277; x_wconf 81' lang='lat' dir='ltr'><strong>publicas</strong></span> <span class='ocrx_word' id='word_1_47' title='bbox 2034 1187 2379 1277; x_wconf 77' lang='lat' dir='ltr'><strong>spoliantes</strong></span> <span class='ocrx_word' id='word_1_48' title='bbox 2398 1212 2479 1261; x_wconf 73' lang='lat' dir='ltr'><strong>ae</strong></span> 
     </span>
     <span class='ocr_line' id='line_1_8' title="bbox 552 1304 2481 1399; baseline 0 -20"><span class='ocrx_word' id='word_1_49' title='bbox 552 1310 1014 1379; x_wconf 82' lang='lat' dir='ltr'><strong>comburentes.</strong></span> <span class='ocrx_word' id='word_1_50' title='bbox 1099 1309 1226 1399; x_wconf 88' lang='lat' dir='ltr'><strong>Ipsi</strong></span> <span class='ocrx_word' id='word_1_51' title='bbox 1251 1323 1465 1379; x_wconf 81' lang='lat' dir='ltr'><strong>autem</strong></span> <span class='ocrx_word' id='word_1_52' title='bbox 1486 1329 1675 1397; x_wconf 75' lang='lat' dir='ltr'><strong>saepe</strong></span> <span class='ocrx_word' id='word_1_53' title='bbox 1701 1304 2193 1377; x_wconf 71' lang='lat' dir='ltr'><strong>vulnerabantur</strong></span> <span class='ocrx_word' id='word_1_54' title='bbox 2216 1323 2286 1373; x_wconf 84' lang='lat' dir='ltr'><strong>et</strong></span> <span class='ocrx_word' id='word_1_55' title='bbox 2308 1309 2481 1379; x_wconf 71' lang='lat' dir='ltr'><strong>occi-</strong></span> 
     </span>
     <span class='ocr_line' id='line_1_9' title="bbox 549 1426 1010 1513; baseline -0.009 -18"><span class='ocrx_word' id='word_1_56' title='bbox 549 1428 858 1495; x_wconf 73' lang='lat' dir='ltr'><strong>debantur</strong></span> <span class='ocrx_word' id='word_1_57' title='bbox 891 1426 1010 1513; x_wconf 89' lang='lat'>(1).</span> 
     </span>
     <span class='ocr_line' id='line_1_10' title="bbox 1443 1541 1585 1623; baseline 0 -16"><span class='ocrx_word' id='word_1_58' title='bbox 1443 1547 1479 1623; x_wconf 79' lang='lat' dir='ltr'><strong>S</strong></span> <span class='ocrx_word' id='word_1_59' title='bbox 1524 1541 1585 1607; x_wconf 84' lang='lat'><strong>5.</strong></span> 
     </span>
    </p>
   </div>
   <div class='ocr_carea' id='block_1_3' title="bbox 543 1776 2487 3855">
    <p class='ocr_par' dir='ltr' id='par_1_3' title="bbox 545 1776 2483 2083">
     <span class='ocr_line' id='line_1_11' title="bbox 635 1776 2483 1871; baseline 0.001 -26"><span class='ocrx_word' id='word_1_60' title='bbox 635 1780 824 1847; x_wconf 81' lang='lat' dir='ltr'><strong>Hisce</strong></span> <span class='ocrx_word' id='word_1_61' title='bbox 853 1778 1098 1869; x_wconf 72' lang='lat' dir='ltr'><strong>legibus</strong></span> <span class='ocrx_word' id='word_1_62' title='bbox 1119 1776 1300 1859; x_wconf 85' lang='lat' dir='ltr'><strong>latis,</strong></span> <span class='ocrx_word' id='word_1_63' title='bbox 1331 1778 1717 1867; x_wconf 75' lang='lat' dir='ltr'><strong>Augustinus</strong></span> <span class='ocrx_word' id='word_1_64' title='bbox 1756 1800 1817 1845; x_wconf 82' lang='lat' dir='ltr'><strong>a.</strong></span> <span class='ocrx_word' id='word_1_65' title='bbox 1861 1776 1993 1857; x_wconf 77' lang='lat'><strong>406</strong></span> <span class='ocrx_word' id='word_1_66' title='bbox 2022 1778 2291 1869; x_wconf 74' lang='lat' dir='ltr'><strong>spissum</strong></span> <span class='ocrx_word' id='word_1_67' title='bbox 2318 1802 2483 1871; x_wconf 74' lang='lat' dir='ltr'><strong>opus</strong></span> 
     </span>
     <span class='ocr_line' id='line_1_12' title="bbox 545 1896 2481 1986; baseline 0.002 -21"><span class='ocrx_word' id='word_1_68' title='bbox 545 1898 822 1986; x_wconf 75' lang='lat' dir='ltr'>scripsit,</span> <span class='ocrx_word' id='word_1_69' title='bbox 867 1897 972 1963; x_wconf 90' lang='lat' dir='ltr'><strong>cui</strong></span> <span class='ocrx_word' id='word_1_70' title='bbox 997 1896 1248 1963; x_wconf 80' lang='lat' dir='ltr'><strong>titulus:</strong></span> <span class='ocrx_word' id='word_1_71' title='bbox 1280 1914 1535 1961; x_wconf 64' lang='lat' dir='ltr'><strong>cona-u</strong></span> <span class='ocrx_word' id='word_1_72' title='bbox 1560 1914 1969 1963; x_wconf 63' lang='lat' dir='ltr'><strong>muconxmt</strong></span> <span class='ocrx_word' id='word_1_73' title='bbox 1996 1918 2481 1967; x_wconf 59' lang='lat' dir='ltr'><strong>cunamen:</strong></span> 
     </span>
     <span class='ocr_line' id='line_1_13' title="bbox 548 2010 1384 2083; baseline -0.004 -2"><span class='ocrx_word' id='word_1_74' title='bbox 548 2038 768 2083; x_wconf 68' lang='lat' dir='ltr'><strong>rna-ts</strong></span> <span class='ocrx_word' id='word_1_75' title='bbox 795 2035 1036 2081; x_wconf 68' lang='lat' dir='ltr'><strong>nonu:</strong></span> <span class='ocrx_word' id='word_1_76' title='bbox 1063 2036 1246 2079; x_wconf 71' lang='lat' dir='ltr'><strong>mant</strong></span> <span class='ocrx_word' id='word_1_77' title='bbox 1271 2010 1384 2079; x_wconf 85' lang='lat' dir='ltr'><strong>IV.</strong></span> 
     </span>
    </p>

    <p class='ocr_par' dir='ltr' id='par_1_4' title="bbox 543 2126 2487 3855">
     <span class='ocr_line' id='line_1_14' title="bbox 635 2126 2485 2222; baseline 0.004 -24"><span class='ocrx_word' id='word_1_78' title='bbox 635 2129 1007 2198; x_wconf 74' lang='lat' dir='ltr'>Cresconius</span> <span class='ocrx_word' id='word_1_79' title='bbox 1057 2128 1358 2195; x_wconf 82' lang='lat' dir='ltr'><strong>nimirum</strong></span> <span class='ocrx_word' id='word_1_80' title='bbox 1393 2126 1859 2197; x_wconf 78' lang='lat' dir='ltr'><strong>Grammaticus</strong></span> <span class='ocrx_word' id='word_1_81' title='bbox 1890 2132 2225 2222; x_wconf 74' lang='lat' dir='ltr'><strong>epistolam</strong></span> <span class='ocrx_word' id='word_1_82' title='bbox 2242 2132 2329 2201; x_wconf 81' lang='lat' dir='ltr'><strong>ad</strong></span> <span class='ocrx_word' id='word_1_83' title='bbox 2342 2136 2485 2205; x_wconf 78' lang='lat' dir='ltr'><strong>Au-</strong></span> 
     </span>
     <span class='ocr_line' id='line_1_15' title="bbox 545 2244 2477 2340; baseline 0.003 -26"><span class='ocrx_word' id='word_1_84' title='bbox 545 2249 864 2340; x_wconf 80' lang='lat' dir='ltr'><strong>gustinum</strong></span> <span class='ocrx_word' id='word_1_85' title='bbox 917 2244 1202 2335; x_wconf 77' lang='lat' dir='ltr'><strong>scripsit,</strong></span> <span class='ocrx_word' id='word_1_86' title='bbox 1251 2244 1324 2313; x_wconf 84' lang='lat' dir='ltr'><strong>in</strong></span> <span class='ocrx_word' id='word_1_87' title='bbox 1367 2246 2477 2337; x_wconf 75' lang='lat' dir='ltr'><strong>quapartesPetilinnicontraeutn</strong></span> 
     </span>
     <span class='ocr_line' id='line_1_16' title="bbox 543 2363 2483 2458; baseline 0.003 -25"><span class='ocrx_word' id='word_1_88' title='bbox 543 2366 844 2455; x_wconf 74' lang='lat' dir='ltr'><strong>suscepit.</strong></span> <span class='ocrx_word' id='word_1_89' title='bbox 933 2364 1200 2454; x_wconf 78' lang='lat' dir='ltr'><strong>Legerat</strong></span> <span class='ocrx_word' id='word_1_90' title='bbox 1256 2363 1429 2431; x_wconf 84' lang='lat' dir='ltr'><strong>enim</strong></span> <span class='ocrx_word' id='word_1_91' title='bbox 1486 2386 1631 2431; x_wconf 81' lang='lat' dir='ltr'><strong>eam</strong></span> <span class='ocrx_word' id='word_1_92' title='bbox 1680 2366 1889 2454; x_wconf 85' lang='lat' dir='ltr'><strong>operis</strong></span> <span class='ocrx_word' id='word_1_93' title='bbox 1943 2366 2279 2458; x_wconf 79' lang='lat' dir='ltr'><strong>Augustini</strong></span> <span class='ocrx_word' id='word_1_94' title='bbox 2322 2392 2483 2439; x_wconf 71' lang='lat' dir='ltr'><strong>con-</strong></span> 
     </span>
     <span class='ocr_line' id='line_1_17' title="bbox 545 2482 2487 2577; baseline 0.004 -28"><span class='ocrx_word' id='word_1_95' title='bbox 545 2498 646 2549; x_wconf 87' lang='lat' dir='ltr'><strong>tra</strong></span> <span class='ocrx_word' id='word_1_96' title='bbox 687 2482 1070 2549; x_wconf 74' lang='lat' dir='ltr'><strong>Petilianum</strong></span> <span class='ocrx_word' id='word_1_97' title='bbox 1101 2496 1385 2571; x_wconf 83' lang='lat' dir='ltr'><strong>partem,</strong></span> <span class='ocrx_word' id='word_1_98' title='bbox 1449 2484 1577 2570; x_wconf 62' lang='lat' dir='ltr'><strong>qua</strong></span> <span class='ocrx_word' id='word_1_99' title='bbox 1614 2483 1823 2573; x_wconf 82' lang='lat' dir='ltr'><strong>prima</strong></span> <span class='ocrx_word' id='word_1_100' title='bbox 1846 2482 2137 2553; x_wconf 86' lang='lat' dir='ltr'><strong>Petiliani</strong></span> <span class='ocrx_word' id='word_1_101' title='bbox 2174 2488 2487 2577; x_wconf 79' lang='lat' dir='ltr'><strong>epistolae</strong></span> 
     </span>
     <span class='ocr_line' id='line_1_18' title="bbox 546 2598 2485 2697; baseline 0.003 -30"><span class='ocrx_word' id='word_1_102' title='bbox 546 2624 690 2690; x_wconf 88' lang='lat' dir='ltr'><strong>pars</strong></span> <span class='ocrx_word' id='word_1_103' title='bbox 743 2600 1072 2669; x_wconf 80' lang='lat' dir='ltr'><strong>refellitur.</strong></span> <span class='ocrx_word' id='word_1_104' title='bbox 1151 2598 1396 2665; x_wconf 87' lang='lat' dir='ltr'><strong>Laudat</strong></span> <span class='ocrx_word' id='word_1_105' title='bbox 1425 2598 1693 2688; x_wconf 80' lang='lat' dir='ltr'><strong>quidem</strong></span> <span class='ocrx_word' id='word_1_106' title='bbox 1736 2601 2109 2671; x_wconf 73' lang='lat' dir='ltr'><strong>Cresconius</strong></span> <span class='ocrx_word' id='word_1_107' title='bbox 2144 2606 2485 2697; x_wconf 74' lang='lat' dir='ltr'><strong>Augustini</strong></span> 
     </span>
     <span class='ocr_line' id='line_1_19' title="bbox 544 2716 2477 2806; baseline 0.004 -23"><span class='ocrx_word' id='word_1_108' title='bbox 544 2716 970 2806; x_wconf 79' lang='lat' dir='ltr'><strong>eloquentiam</strong></span> <span class='ocrx_word' id='word_1_109' title='bbox 985 2765 1006 2799; x_wconf 91' lang='lat'><strong>,</strong></span> <span class='ocrx_word' id='word_1_110' title='bbox 1035 2732 1102 2783; x_wconf 86' lang='lat' dir='ltr'><strong>at</strong></span> <span class='ocrx_word' id='word_1_111' title='bbox 1123 2716 1310 2785; x_wconf 84' lang='lat' dir='ltr'><strong>simul</strong></span> <span class='ocrx_word' id='word_1_112' title='bbox 1338 2717 1581 2800; x_wconf 84' lang='lat' dir='ltr'><strong>asserit,</strong></span> <span class='ocrx_word' id='word_1_113' title='bbox 1616 2732 1817 2785; x_wconf 84' lang='lat' dir='ltr'><strong>artem</strong></span> <span class='ocrx_word' id='word_1_114' title='bbox 1841 2717 2017 2785; x_wconf 80' lang='lat' dir='ltr'><strong>illam</strong></span> <span class='ocrx_word' id='word_1_115' title='bbox 2049 2720 2339 2789; x_wconf 77' lang='lat' dir='ltr'><strong>societati</strong></span> <span class='ocrx_word' id='word_1_116' title='bbox 2356 2724 2477 2791; x_wconf 85' lang='lat' dir='ltr'><strong>hu-</strong></span> 
     </span>
     <span class='ocr_line' id='line_1_20' title="bbox 545 2832 2482 2930; baseline 0.003 -29"><span class='ocrx_word' id='word_1_117' title='bbox 545 2856 772 2901; x_wconf 84' lang='lat' dir='ltr'><strong>manae</strong></span> <span class='ocrx_word' id='word_1_118' title='bbox 801 2834 998 2925; x_wconf 78' lang='lat' dir='ltr'><strong>magis</strong></span> <span class='ocrx_word' id='word_1_119' title='bbox 1025 2856 1266 2899; x_wconf 87' lang='lat' dir='ltr'><strong>nocere</strong></span> <span class='ocrx_word' id='word_1_120' title='bbox 1289 2856 1485 2922; x_wconf 82' lang='lat' dir='ltr'><strong>quam</strong></span> <span class='ocrx_word' id='word_1_121' title='bbox 1519 2832 1853 2924; x_wconf 78' lang='lat' dir='ltr'><strong>prodesse:</strong></span> <span class='ocrx_word' id='word_1_122' title='bbox 1902 2838 2124 2924; x_wconf 71' lang='lat' dir='ltr'><strong>oincit</strong></span> <span class='ocrx_word' id='word_1_123' title='bbox 2158 2840 2217 2905; x_wconf 84' lang='lat' dir='ltr'><strong>ei</strong></span> <span class='ocrx_word' id='word_1_124' title='bbox 2232 2888 2257 2923; x_wconf 86' lang='lat'><strong>,</strong></span> <span class='ocrx_word' id='word_1_125' title='bbox 2301 2838 2482 2930; x_wconf 82' lang='lat' dir='ltr'><strong>quod.</strong></span> 
     </span>
     <span class='ocr_line' id='line_1_21' title="bbox 547 2949 2477 3045; baseline 0.005 -31"><span class='ocrx_word' id='word_1_126' title='bbox 547 2965 857 3038; x_wconf 85' lang='lat' dir='ltr'><strong>perpetuo</strong></span> <span class='ocrx_word' id='word_1_127' title='bbox 899 2950 1128 3015; x_wconf 82' lang='lat' dir='ltr'><strong>excitet</strong></span> <span class='ocrx_word' id='word_1_128' title='bbox 1161 2950 1524 3015; x_wconf 85' lang='lat' dir='ltr'><strong>Donatistas</strong></span> <span class='ocrx_word' id='word_1_129' title='bbox 1559 2949 1642 3015; x_wconf 89' lang='lat' dir='ltr'><strong>ad</strong></span> <span class='ocrx_word' id='word_1_130' title='bbox 1678 2952 2082 3021; x_wconf 86' lang='lat' dir='ltr'><strong>collationem</strong></span> <span class='ocrx_word' id='word_1_131' title='bbox 2095 3003 2115 3039; x_wconf 90' lang='lat'>‚</span> <span class='ocrx_word' id='word_1_132' title='bbox 2136 2954 2477 3045; x_wconf 86' lang='lat' dir='ltr'><strong>laudatque</strong></span> 
     </span>
     <span class='ocr_line' id='line_1_22' title="bbox 547 3064 2479 3164; baseline 0.008 -36"><span class='ocrx_word' id='word_1_133' title='bbox 547 3064 1022 3130; x_wconf 82' lang='lat' dir='ltr'><strong>Donatistarum</strong></span> <span class='ocrx_word' id='word_1_134' title='bbox 1061 3066 1437 3131; x_wconf 86' lang='lat' dir='ltr'><strong>clericorum</strong></span> <span class='ocrx_word' id='word_1_135' title='bbox 1476 3068 1701 3157; x_wconf 84' lang='lat' dir='ltr'><strong>agendi</strong></span> <span class='ocrx_word' id='word_1_136' title='bbox 1733 3072 2046 3138; x_wconf 87' lang='lat' dir='ltr'><strong>rationem</strong></span> <span class='ocrx_word' id='word_1_137' title='bbox 2066 3122 2086 3158; x_wconf 86' lang='lat'><strong>,</strong></span> <span class='ocrx_word' id='word_1_138' title='bbox 2124 3073 2297 3164; x_wconf 83' lang='lat' dir='ltr'><strong>quod</strong></span> <span class='ocrx_word' id='word_1_139' title='bbox 2320 3076 2479 3143; x_wconf 83' lang='lat' dir='ltr'><strong>nihil</strong></span> 
     </span>
     <span class='ocr_line' id='line_1_23' title="bbox 543 3178 2477 3281; baseline 0.005 -32"><span class='ocrx_word' id='word_1_140' title='bbox 543 3180 668 3249; x_wconf 78' lang='lat' dir='ltr'><strong>hae</strong></span> <span class='ocrx_word' id='word_1_141' title='bbox 711 3178 792 3245; x_wconf 90' lang='lat' dir='ltr'><strong>de</strong></span> <span class='ocrx_word' id='word_1_142' title='bbox 829 3204 898 3247; x_wconf 90' lang='lat' dir='ltr'><strong>re</strong></span> <span class='ocrx_word' id='word_1_143' title='bbox 930 3179 1013 3247; x_wconf 89' lang='lat' dir='ltr'><strong>ad</strong></span> <span class='ocrx_word' id='word_1_144' title='bbox 1033 3182 1362 3271; x_wconf 80' lang='lat' dir='ltr'><strong>populum</strong></span> <span class='ocrx_word' id='word_1_145' title='bbox 1393 3184 1693 3253; x_wconf 82' lang='lat' dir='ltr'><strong>referant.</strong></span> <span class='ocrx_word' id='word_1_146' title='bbox 1805 3188 2081 3274; x_wconf 72' lang='lat' dir='ltr'><strong>Accusat</strong></span> <span class='ocrx_word' id='word_1_147' title='bbox 2110 3216 2311 3281; x_wconf 87' lang='lat' dir='ltr'><strong>porro</strong></span> <span class='ocrx_word' id='word_1_148' title='bbox 2342 3194 2477 3263; x_wconf 78' lang='lat' dir='ltr'><strong>Au-</strong></span> 
     </span>
     <span class='ocr_line' id='line_1_24' title="bbox 545 3296 2479 3388; baseline 0.01 -29"><span class='ocrx_word' id='word_1_149' title='bbox 545 3296 864 3387; x_wconf 74' lang='lat' dir='ltr'><strong>gustinum</strong></span> <span class='ocrx_word' id='word_1_150' title='bbox 910 3298 1305 3388; x_wconf 60' lang='lat' dir='ltr'><strong>arrogantiae</strong></span> <span class='ocrx_word' id='word_1_151' title='bbox 1318 3346 1338 3380; x_wconf 87' lang='lat'>‚</span> <span class='ocrx_word' id='word_1_152' title='bbox 1393 3302 1696 3388; x_wconf 83' lang='lat' dir='ltr'><strong>quoniam</strong></span> <span class='ocrx_word' id='word_1_153' title='bbox 1738 3303 1916 3371; x_wconf 78' lang='lat' dir='ltr'><strong>litem</strong></span> <span class='ocrx_word' id='word_1_154' title='bbox 1953 3331 2025 3373; x_wconf 85' lang='lat' dir='ltr'><strong>se</strong></span> <span class='ocrx_word' id='word_1_155' title='bbox 2059 3307 2479 3378; x_wconf 73' lang='lat' dir='ltr'><strong>dix-emturum</strong></span> 
     </span>
     <span class='ocr_line' id='line_1_25' title="bbox 544 3412 2476 3515; baseline 0.01 -39"><span class='ocrx_word' id='word_1_156' title='bbox 544 3414 814 3502; x_wconf 85' lang='lat' dir='ltr'><strong>putabat</strong></span> <span class='ocrx_word' id='word_1_157' title='bbox 830 3461 850 3497; x_wconf 90' lang='lat'>,</span> <span class='ocrx_word' id='word_1_158' title='bbox 887 3412 1064 3502; x_wconf 90' lang='lat' dir='ltr'><strong>quod</strong></span> <span class='ocrx_word' id='word_1_159' title='bbox 1100 3436 1216 3503; x_wconf 89' lang='lat' dir='ltr'><strong>per</strong></span> <span class='ocrx_word' id='word_1_160' title='bbox 1252 3430 1384 3481; x_wconf 85' lang='lat' dir='ltr'><strong>tam</strong></span> <span class='ocrx_word' id='word_1_161' title='bbox 1419 3418 1683 3511; x_wconf 79' lang='lat' dir='ltr'><strong>longum</strong></span> <span class='ocrx_word' id='word_1_162' title='bbox 1713 3425 2014 3515; x_wconf 88' lang='lat' dir='ltr'><strong>temporis</strong></span> <span class='ocrx_word' id='word_1_163' title='bbox 2045 3426 2317 3514; x_wconf 79' lang='lat' dir='ltr'><strong>spatium</strong></span> <span class='ocrx_word' id='word_1_164' title='bbox 2342 3450 2476 3495; x_wconf 87' lang='lat' dir='ltr'><strong>non</strong></span> 
     </span>
     <span class='ocr_line' id='line_1_26' title="bbox 547 3530 2475 3624; baseline 0.008 -28"><span class='ocrx_word' id='word_1_165' title='bbox 547 3544 894 3621; x_wconf 74' lang='lat' dir='ltr'><strong>potuerunt</strong></span> <span class='ocrx_word' id='word_1_166' title='bbox 915 3530 1100 3599; x_wconf 81' lang='lat' dir='ltr'><strong>multi</strong></span> <span class='ocrx_word' id='word_1_167' title='bbox 1131 3533 1252 3597; x_wconf 74' lang='lat' dir='ltr'><strong>viri</strong></span> <span class='ocrx_word' id='word_1_168' title='bbox 1275 3532 1452 3601; x_wconf 85' lang='lat' dir='ltr'><strong>docti</strong></span> <span class='ocrx_word' id='word_1_169' title='bbox 1480 3560 1555 3603; x_wconf 88' lang='lat' dir='ltr'><strong>ac</strong></span> <span class='ocrx_word' id='word_1_170' title='bbox 1576 3536 1850 3624; x_wconf 75' lang='lat' dir='ltr'><strong>judices.</strong></span> <span class='ocrx_word' id='word_1_171' title='bbox 1886 3540 2168 3607; x_wconf 83' lang='lat' dir='ltr'><strong>Tandem</strong></span> <span class='ocrx_word' id='word_1_172' title='bbox 2192 3544 2475 3611; x_wconf 80' lang='lat' dir='ltr'><strong>animad-</strong></span> 
     </span>
     <span class='ocr_line' id='line_1_27' title="bbox 547 3648 2475 3753; baseline 0.009 -40"><span class='ocrx_word' id='word_1_173' title='bbox 547 3648 736 3713; x_wconf 77' lang='lat' dir='ltr'><strong>vertit</strong></span> <span class='ocrx_word' id='word_1_174' title='bbox 755 3696 774 3730; x_wconf 91' lang='lat'>,</span> <span class='ocrx_word' id='word_1_175' title='bbox 819 3648 1164 3717; x_wconf 81' lang='lat' dir='ltr'><strong>Donatistis</strong></span> <span class='ocrx_word' id='word_1_176' title='bbox 1191 3652 1389 3742; x_wconf 84' lang='lat' dir='ltr'><strong>magis</strong></span> <span class='ocrx_word' id='word_1_177' title='bbox 1415 3652 1710 3742; x_wconf 84' lang='lat' dir='ltr'><strong>prodesse</strong></span> <span class='ocrx_word' id='word_1_178' title='bbox 1724 3704 1743 3739; x_wconf 85' lang='lat'><strong>,</strong></span> <span class='ocrx_word' id='word_1_179' title='bbox 1793 3678 2016 3725; x_wconf 77' lang='lat' dir='ltr'><strong>cavere</strong></span> <span class='ocrx_word' id='word_1_180' title='bbox 2050 3660 2475 3753; x_wconf 75' lang='lat' dir='ltr'><strong>Augustinum</strong></span> 
     </span>
     <span class='ocr_line' id='line_1_28' title="bbox 547 3760 1967 3855; baseline 0.01 -26"><span class='ocrx_word' id='word_1_181' title='bbox 547 3760 948 3831; x_wconf 87' lang='lat' dir='ltr'><strong>dialecticum</strong></span> <span class='ocrx_word' id='word_1_182' title='bbox 962 3813 981 3850; x_wconf 87' lang='lat'><strong>,</strong></span> <span class='ocrx_word' id='word_1_183' title='bbox 1020 3790 1209 3855; x_wconf 84' lang='lat' dir='ltr'><strong>quam</strong></span> <span class='ocrx_word' id='word_1_184' title='bbox 1236 3768 1521 3839; x_wconf 76' lang='lat' dir='ltr'><strong>refellere</strong></span> <span class='ocrx_word' id='word_1_185' title='bbox 1548 3795 1695 3841; x_wconf 77' lang='lat' dir='ltr'><strong>eum</strong></span> <span class='ocrx_word' id='word_1_186' title='bbox 1720 3775 1967 3843; x_wconf 61' lang='lat' dir='ltr'><strong>conari,</strong></span> 
     </span>
    </p>
   </div>
   <div class='ocr_carea' id='block_1_4' title="bbox 597 3936 708 3948">
    <p class='ocr_par' dir='ltr' id='par_1_5' title="bbox 597 3936 708 3948">
     <span class='ocr_line' id='line_1_29' title="bbox 597 3936 708 3948; baseline 0 -2"><span class='ocrx_word' id='word_1_187' title='bbox 597 3936 708 3948; x_wconf 57' lang='lat' dir='ltr'><strong>*dt-</strong></span> 
     </span>
    </p>
   </div>
   <div class='ocr_carea' id='block_1_5' title="bbox 605 4024 2127 4098">
    <p class='ocr_par' dir='ltr' id='par_1_6' title="bbox 605 4024 2127 4098">
     <span class='ocr_line' id='line_1_30' title="bbox 605 4024 2127 4098; baseline 0.009 -23"><span class='ocrx_word' id='word_1_188' title='bbox 605 4026 686 4095; x_wconf 85' lang='lat'><strong>(1)</strong></span> <span class='ocrx_word' id='word_1_189' title='bbox 721 4027 931 4091; x_wconf 66' lang='lat' dir='ltr'><strong>August.</strong></span> <span class='ocrx_word' id='word_1_190' title='bbox 971 4042 1020 4079; x_wconf 88' lang='lat' dir='ltr'><strong>c.</strong></span> <span class='ocrx_word' id='word_1_191' title='bbox 1053 4028 1284 4081; x_wconf 73' lang='lat' dir='ltr'><strong>crescon.</strong></span> <span class='ocrx_word' id='word_1_192' title='bbox 1316 4026 1373 4079; x_wconf 84' lang='lat'><strong>1..</strong></span> <span class='ocrx_word' id='word_1_193' title='bbox 1405 4026 1487 4079; x_wconf 85' lang='lat'><strong>111</strong></span> <span class='ocrx_word' id='word_1_194' title='bbox 1516 4026 1541 4095; x_wconf 66' lang='grc' dir='ltr'><strong>ς</strong></span> <span class='ocrx_word' id='word_1_195' title='bbox 1574 4024 1659 4083; x_wconf 78' lang='lat'><strong>46.</strong></span> <span class='ocrx_word' id='word_1_196' title='bbox 1696 4030 1787 4098; x_wconf 76' lang='lat' dir='ltr'><strong>Bp.</strong></span> <span class='ocrx_word' id='word_1_197' title='bbox 1822 4030 1891 4083; x_wconf 82' lang='lat'><strong>88</strong></span> <span class='ocrx_word' id='word_1_198' title='bbox 1924 4036 1977 4087; x_wconf 76' lang='lat' dir='ltr'><strong>et</strong></span> <span class='ocrx_word' id='word_1_199' title='bbox 2014 4034 2127 4089; x_wconf 78' lang='grc' dir='ltr'><strong>ΠΙ.</strong></span> 
     </span>
    </p>
   </div>
   <div class='ocr_carea' id='block_1_6' title="bbox 709 3936 1046 3948">
    <p class='ocr_par' dir='ltr' id='par_1_7' title="bbox 709 3936 1046 3948">
     <span class='ocr_line' id='line_1_31' title="bbox 709 3936 1046 3948; baseline 0 0"><span class='ocrx_word' id='word_1_200' title='bbox 709 3936 1046 3948; x_wconf 95' lang='lat' dir='ltr'><strong> </strong></span> 
     </span>
    </p>
   </div>
   <div class='ocr_carea' id='block_1_7' title="bbox 1047 3936 1246 3949">
    <p class='ocr_par' dir='ltr' id='par_1_8' title="bbox 1047 3936 1246 3949">
     <span class='ocr_line' id='line_1_32' title="bbox 1047 3936 1246 3949; baseline 0 1018"><span class='ocrx_word' id='word_1_201' title='bbox 1047 3936 1246 3949; x_wconf 95' lang='lat' dir='ltr'><strong> </strong></span> 
     </span>
    </p>
   </div>
  </div>
 </body>
</html>
