2917 4967
1421 310 1505 382 12

511 564 720 639 tyrum
765 546 1284 615 adscriberentur.
1393 544 1568 629 Quid
1620 548 1885 631 mirum,
1936 550 1990 613 si
2035 551 2169 635 jam
2220 570 2439 615 omnes

511 665 766 733 fanatici
809 666 874 731 ei
921 665 1162 731 inimici
1211 663 1460 731 essent?
1543 664 1681 731 Nec
1714 664 2091 755 opprobria,
2122 681 2197 731 ut
2232 665 2345 731 tali
2368 667 2439 729 in

509 808 582 851 re
628 784 766 851 fieri
811 783 974 851 solet
989 831 1009 869 ,
1057 781 1410 849 defuemnt.
1502 782 1983 873 Exprobrabant
2008 784 2069 849 ei
2082 828 2103 867 ,
2160 780 2337 871 quod
2368 782 2439 845 in

511 924 622 969 eos
644 902 858 969 durius
877 916 1122 993 egerat,
1155 902 1263 988 qui
1285 900 1509 967 iratres
1532 902 1602 967 in
1628 922 1881 967 carcere
1902 901 2153 967 visitare
2172 900 2427 966 vellent.
2480 963 2489 974 ,

348 998 364 1015 ⁰
507 1018 938 1087 Accusabatur
981 1014 1308 1085 tradidisse
1347 1016 1547 1083 libros
1578 1040 1789 1085 sacros
1802 1066 1823 1101 ,
1879 1014 2055 1106 quod
2080 1018 2323 1083 crimen
2360 1033 2431 1082 ut

511 1136 778 1220 celaret,
807 1138 1226 1227 excogitatam
1257 1136 1340 1201 ab
1363 1158 1444 1203 eo
1474 1133 1771 1203 dicebant
1793 1135 2219 1201 narrationem
2234 1181 2255 1219 ,
2282 1133 2433 1199 loco

507 1252 866 1343 scripturae
877 1244 1106 1319 Sac'rae
1127 1254 1198 1317 in
1220 1252 1503 1319 Ecclesia
1526 1252 1767 1343 positos
1789 1252 1977 1317 fuisse
2000 1252 2199 1317 libros
2212 1252 2433 1317 haere·

507 1369 813 1452 ticorum3
847 1392 1008 1458 quae
1041 1371 1096 1435 si
1129 1384 1342 1436 tamen
1374 1393 1523 1437 vera
1550 1386 1746 1454 esset,
1793 1369 2085 1437 fefellisse
2110 1393 2257 1435 eum
2280 1392 2431 1461 gen-

506 1486 680 1572 tiles,
727 1485 902 1576 quod
949 1487 1370 1553 Christianum
1412 1486 1751 1574 dedeceat,
1804 1486 2239 1577 perhibebant.
2331 1488 2435 1553 Ab

505 1606 736 1671 horum
770 1605 1244 1671 criminatorum
1276 1622 1458 1697 parte
1486 1606 1691 1671 stabat
1712 1604 2030 1703 Secundus
2043 1654 2064 1690 ,
2090 1605 2437 1695 Episcopus

505 1721 876 1813 Tigisitanus
891 1770 912 1805 ,
934 1721 1176 1789 Primas
1198 1720 1568 1807 Numidiae,
1596 1722 1707 1812 qui
1728 1722 1849 1789 hac
1882 1721 1965 1789 de
1996 1745 2067 1787 re
2092 1722 2436 1813 Epistolam

503 1836 586 1904 ad
607 1838 992 1903 Mensurium
1019 1839 1288 1928 scripsit.

591 1955 810 2043 Itaque
835 1978 1020 2021 causa
1047 1956 1392 2023 schismatis
1422 1955 1661 2023 aderat.
1711 1956 2163 2048 Opportunitas
2192 1955 2432 2023 deside-

505 2073 780 2139 rabatur.
870 2072 1008 2139 Nec
1062 2088 1277 2141 tamen
1325 2072 1456 2140 diu.
1550 2074 1811 2141 Mortuo
1851 2077 2021 2143 enim
2074 2076 2397 2143 Mensurio
2412 2124 2431 2157 ,

505 2212 705 2257 novus
767 2191 828 2259 ei
881 2191 1230 2280 Episcopus
1290 2207 1426 2259 erat
1492 2192 1916 2260 sufficiendus.
2033 2194 2178 2261 Mos
2228 2209 2441 2259 autem

507 2308 783 2392 ferebat,
828 2324 900 2373 ut
921 2308 1240 2407 Episcopo
1267 2306 1572 2377 defuncto
1600 2310 1969 2379 succederet
2022 2308 2440 2377 Archidiaco-

503 2447 644 2503 nus.
717 2425 1106 2493 Caecilianus
1151 2428 1366 2519 igitur,
1419 2429 1528 2517 qui
1556 2431 1685 2495 hoc
1728 2452 1988 2495 munere
2020 2428 2431 2519 fungebatur,

504 2543 894 2637 Carthaginis
924 2545 1272 2636 Episcopus
1301 2546 1587 2637 eligitur,
1617 2546 1825 2613 invitis
1850 2560 2064 2612 tamen
2104 2542 2439 2613 Numidiae

505 2658 866 2753 Episcopis,
923 2662 1032 2750 qui
1071 2664 1392 2729 Donatum
1421 2687 1465 2729 a
1502 2664 1681 2731 Casta
1726 2664 1949 2753 Nigris
2000 2662 2441 2753 Carthaginem

505 2779 837 2863 miserant,
887 2796 959 2846 ut
983 2779 1320 2869 impediret
1338 2828 1358 2866 ,
1392 2783 1725 2869 quominus
1749 2782 2097 2872 Episcopus
2122 2796 2441 2847 crearetur

508 2896 918 2963 Caecilianus.
1009 2898 1135 2963 Hic
1187 2898 1358 2965 enim
1401 2920 1549 2964 cum
1590 2897 1667 2963 iis
1716 2921 1849 2963 non
1891 2897 2193 2983 faciebat,
2238 2921 2445 2987 neque

510 3036 657 3081 cum
691 3030 872 3104 parte
900 3014 1218 3081 Ecclesiae
1265 3014 1787 3105 Carthaginiensis
1829 3012 2152 3105 rigidiore.
2244 3015 2443 3102 Hujus

504 3130 736 3199 fautrix
761 3146 897 3197 erat
921 3130 1188 3212 Lucilla,
1223 3130 1451 3197 mulier
1474 3126 1646 3197 dives
1676 3154 1751 3197 ac
1774 3148 2002 3222 potens
2015 3180 2035 3217 ,
2062 3130 2172 3199 sed
2202 3131 2443 3199 infensa

506 3247 868 3315 Caeciliano
884 3296 903 3333 ,
944 3248 1052 3337 qui
1089 3246 1589 3315 Archidiaconus
1620 3252 1751 3337 ejus
1780 3250 1964 3317 valde
1996 3268 2312 3341 carpserat
2340 3274 2441 3317 su·

504 3366 925 3457 perstitiosam
983 3365 1386 3454 reliquianun
1443 3368 1934 3434 venerationem.
2020 3368 2183 3433 Cum
2232 3384 2445 3435 autem

507 3504 608 3548 res
624 3483 713 3548 ita
727 3506 860 3549 sese
880 3484 1165 3568 haberet,
1180 3484 1444 3551 clericos
1464 3485 1804 3551 nonnullos
1812 3486 2253 3577 Carthaginem
2276 3486 2445 3551 misit

508 3598 833 3669 Secundus
877 3602 1252 3693 Tigisitanus
1265 3650 1285 3685 ,
1322 3603 1430 3691 qui
1468 3602 1536 3669 in
1570 3600 1825 3670 aedibus
1851 3602 2127 3669 Lucillae
2150 3602 2443 3693 privatim

511 3739 658 3783 cum
707 3719 934 3785 ceteris
973 3735 1250 3811 agerent.
1341 3718 1450 3785 Sic
1481 3717 1641 3785 duae
1670 3719 1817 3784 illae
1848 3728 2059 3810 partes
2089 3719 2287 3809 magis
2311 3742 2441 3785 ma-

508 3834 724 3925 gisque
777 3858 816 3901 a
865 3859 932 3903 se
964 3837 1237 3908 invicem
1281 3835 1733 3920 alienabantur,
1770 3851 1833 3901 et
1872 3836 1991 3903 sibi
2031 3858 2286 3925 prorsus
2330 3857 2445 3924 op-

512 3953 750 4045 positae
788 3969 986 4021 erant.
1073 3954 1224 4020 Pars
1268 3952 1464 4019 altera
1514 3954 1823 4042 optimum
1856 3950 2181 4038 judicabat
2216 3972 2445 4041 prope-
