2917 4967
1449 368 1545 440 40

481 700 486 709 .
545 622 796 701 praeter
850 606 1006 671 alios
1065 620 1417 669 ramanus
1464 600 2002 691 Carthaginiensis
2020 650 2040 686 ‚
2096 626 2475 673 uramus

557 728 1115 795 Con-scantiniam&
1145 736 1210 787 et
1233 741 1553 787 auxanus
1590 719 2039 787 Caesar-tensis.

505 844 510 851 ’
569 890 580 895 -
638 843 908 909 Collatio
953 839 1203 905 initium.
1238 838 1407 927 capit
1451 836 1555 903 die
1608 848 1667 902 1⁰
1706 836 1873 903 Iunii
1900 839 2045 903 anni
2080 842 2232 919 411.
2274 897 2281 905 .
2326 840 2479 907 Dies

556 977 768 1027 autem
825 959 1064 1047 primus
1115 977 1192 1021 ac
1245 952 1555 1020 secundus
1610 956 2141 1027 consumebantur
2197 956 2479 1047 legendis

559 1077 780 1145 edictis
802 1074 1146 1161 litterisque
1159 1119 1179 1155 ,
1222 1088 1408 1161 atque
1448 1073 1907 1158 objectionibus
1920 1120 1941 1155 ,
1988 1096 2141 1163 quas
2164 1074 2483 1143 faciebant

561 1193 922 1261 Donatistae
940 1238 960 1274 ‚
995 1188 1320 1257 audiendis
1353 1205 1418 1254 et
1442 1188 1808 1277 refutandis.

643 1312 862 1377 Sedem
889 1310 958 1373 1ιὶ
980 1332 1201 1397 capere
1221 1308 1582 1389 noluerunt,
1612 1308 1780 1374 inter
1802 1308 1923 1373 alia
1946 1307 2224 1375 dicentes
2237 1357 2257 1394 ‚
2286 1312 2482 1399 scrip-

559 1445 694 1493 tum
725 1428 846 1493 sibi
881 1448 1012 1492 esse
1050 1425 1142 1515 (1)
1190 1448 1334 1491 cum
1357 1426 1584 1491 talibus
1610 1448 1742 1491 non
1768 1424 1987 1493 sedere
2016 1426 2135 1516 (2).
2226 1425 2332 1492 Ad
2354 1429 2483 1494 hoc

559 1570 694 1613 non
756 1543 1214 1635 responderunt
1267 1546 1577 1609 Catholici
1594 1592 1613 1627 ,
1662 1566 1746 1611 ne
1800 1568 1981 1611 mora
2030 1544 2231 1613 ficret.
2344 1546 2484 1613 Nec

559 1666 750 1731 etiam
781 1666 1033 1753 fratres
1089 1684 1130 1727 a
1183 1660 1523 1727 Catholicis
1558 1662 1859 1752 appellari
1891 1664 2247 1730 voluerunt.
2340 1664 2484 1733 Alia

559 1796 886 1872 praeterea
925 1780 1119 1871 egisse
1157 1776 1452 1844 videntur
1494 1779 1859 1845 Donatistae
1878 1826 1897 1862 ,
1956 1796 2029 1845 ut
2068 1780 2481 1875 impedirent,

560 1899 892 1988 quominus
938 1893 1314 1985 procederet
1368 1894 1649 1961 collatio.
1738 1894 2107 1963 Mandatum
2154 1897 2487 1966 ediderunt

560 2015 871 2081 Catholici
884 2061 903 2097 ,
953 2035 1081 2101 quo
1113 2012 1316 2079 omnis
1344 2034 1529 2077 causa
1569 2012 2123 2103 comprehenditur
2154 2015 2271 2106 (3).
2362 2017 2487 2083 Die

557 2132 838 2200 secundo
881 2131 1247 2196 Donatistae
1299 2128 1669 2197 dilationem
1712 2131 2027 2220 petierunt
2044 2180 2064 2216 ,
2110 2147 2182 2198 ut
2226 2133 2347 2199 sihi
2383 2157 2485 2201 res

561 2266 770 2343 gestae
829 2248 1220 2338 conscriptae
1276 2246 1636 2314 ederentur.
1740 2248 1887 2315 Hoc
1937 2250 2128 2317 etiam
2180 2252 2489 2319 concessit

563 2368 894 2459 Cognitor.
932 2400 1019 2419 -—
1043 2365 1332 2431 Sessione
1373 2363 1631 2431 tandem
1657 2367 1843 2432 tertia
1872 2365 1955 2433 ad
1982 2369 2183 2457 ipsam
2199 2417 2217 2452 ,
2236 2368 2331 2435 ‘de
2366 2392 2489 2457 qua

561 2500 849 2577 ageretur
865 2532 884 2567 ‚
911 2506 1048 2550 rem
1074 2497 1444 2572 perventum
1472 2498 1567 2549 est
1581 2530 1601 2567 ,
1630 2484 1859 2575 agitata
1878 2486 2049 2579 prius
2080 2488 2444 2575 quaestione
2459 2534 2487 2571 „

561 2624 750 2693 quam
779 2616 1110 2668 moverunt
1129 2601 1526 2667 Donatistae:
1576 2624 1880 2691 quaenam
1904 2625 2049 2692 pars
2077 2602 2483 2672 collationem

559 2721 859 2810 petiisset.
1109 2696 1118 2705 .
2046 2798 2051 2807 1

653 2837 1034 2927 Augustinus
1075 2836 1563 2925 disputationem
1598 2860 1677 2905 eo
1718 2856 2083 2907 convertere
2106 2840 2373 2924 studuit,
2418 2856 2491 2907 ut

559 2953 969 3021 definiretur:
1005 2953 1274 3023 ubinam
1307 2956 1388 3019 sit
1411 2953 1739 3021 Ecclesia?
1809 2957 2104 3046 Episcopi
2136 2956 2491 3024 Donatista-

567 3095 708 3138 rum
746 3086 896 3136 tunc
929 3067 1262 3161 legendum
1300 3074 1613 3157 jusserunt
1656 3074 1959 3163 scriptum
2001 3096 2219 3160 suum3
2266 3078 2336 3141 in
2366 3098 2492 3165 quo

571 3210 649 3253 ex
691 3186 758 3253 S.
819 3186 1141 3276 Scriptura
1163 3188 1433 3279 probare
1468 3188 1588 3253 sibi
1622 3189 1738 3254 visi
1770 3204 1913 3255 sunt
1928 3237 1947 3273 ‚
1972 3192 2320 3257 Ecclesiam
2358 3216 2492 3259 non

568 3304 835 3396 amplius
865 3328 995 3372 esse
1016 3328 1229 3373 veram
1246 3353 1266 3387 ,
1311 3307 1366 3371 si
1397 3306 1677 3373 moribus
1711 3305 2048 3375 doctorum
2082 3312 2211 3395 ejus
2239 3310 2492 3399 publice

571 3426 1033 3491 contaminatur
1062 3421 1180 3512 (4).

581 3644 680 3654 ...ο-.-
1043 3640 1238 3651 ..μ-ι--η-

625 3790 708 3855 (Ι)
745 3786 930 3838 Psalm.
966 3784 1143 3838 xxvl.
1179 3784 1234 3835 4.

630 3871 710 3934 (2)
743 3871 958 3931 August.
993 3868 1137 3919 Brev.
1173 3866 1303 3920 coll.
1339 3868 1392 3917 d.
1428 3868 1503 3921 11.
1539 3888 1587 3924 c.
1630 3875 1677 3929 1.

627 3954 706 4017 (3)
737 3950 967 4018 Appeud.
1005 3966 1056 4017 p.
1093 3949 1164 4003 37
1196 3966 1339 4017 seqq.
1377 3952 1415 4003 Ι.
1455 3970 1506 4007 c.

621 4038 700 4104 (⁴)
732 4037 962 4105 Append.
1001 4052 1052 4103 p.
1091 4034 1158 4087 ⁴⁴
1190 4052 1332 4102 seqq.
1369 4037 1407 4088 1.
1445 4054 1493 4092 c.
