2917 4967
523 434 592 484 11

519 648 1074 730 accommodatum,
1143 647 1471 715 indicaret.
1564 651 1861 717 Petitioni
1918 656 2247 743 satisfecit.
2336 652 2448 721 Ea:

516 772 628 848 iis,
693 789 855 857 quae
912 766 1067 831 mihi
1101 765 1525 856 proponebat,
1582 767 2021 859 disputationis
2066 779 2449 861 argumentis

504 891 887 974 praeprimis
920 883 1076 949 mihi
1117 883 1443 951 arridebat
1480 886 1573 967 id,
1622 886 1795 976 quod
1800 885 2155 976 praebebat
2173 888 2449 955 schisma

512 1002 1007 1067 Donatistarum.
1100 1003 1191 1069 Re
1231 1000 1438 1067 autem
1484 1002 1636 1068 bene
1674 1004 2070 1071 considerata
2103 1012 2169 1070 in
2188 1002 2443 1072 'contro-

517 1128 780 1185 versiam
815 1132 1053 1185 tantum
1081 1126 1396 1211 inquirere
1426 1128 1748 1204 constitui,
1797 1130 1900 1187 cui
1922 1146 2147 1188 ansam
2169 1123 2349 1189 dedit
2374 1124 2447 1189 il-

517 1236 630 1301 lud
645 1235 946 1319 schisma,
993 1240 1417 1327 Augustinum
1450 1246 1618 1303 inter
1638 1252 1705 1303 et
1724 1239 2095 1305 Donatistas
2116 1246 2444 1330 agitatam.

423 1430 429 1439 ,
511 1356 698 1425 Nunc
719 1354 812 1419 ad
823 1367 1140 1451 accurate,
1170 1368 1471 1446 quantum
1481 1357 1645 1443 fieri
1652 1362 1892 1445 potuit,
1924 1356 2187 1446 legenda
2210 1358 2448 1449 Augus·

517 1474 636 1537 tini
658 1479 894 1562 scripta
913 1472 1034 1538 huc
1062 1479 1412 1562 spectantia
1436 1481 1697 1539 accessi.
1762 1473 2005 1540 Addidi
2024 1474 2243 1564 optati
2262 1499 2443 1565 opus,

505 1598 1107 1681 praecipuorumque
1149 1598 1418 1657 virorum
1455 1591 1803 1673 doctorum,
1852 1599 1962 1681 qui
1992 1592 2072 1657 de
2104 1592 2221 1657 hoc
2252 1566 2448 1658 schis-

518 1721 684 1774 mate
714 1721 1002 1797 egerunt,
1050 1715 1286 1798 scripta
1320 1716 1390 1773 in
1423 1709 1750 1774 consilium
1789 1702 2092 1775 adhibui(
2163 1710 2330 1775 Dein
2364 1709 2457 1774 ad

517 1823 912 1890 scribendum
933 1848 1032 1889 me
1056 1833 1393 1914 composui.
1465 1827 1674 1915 Atque
1695 1832 1788 1890 sic
1813 1833 2059 1890 exstitit
2079 1825 2234 1890 haec
2255 1834 2449 1915 scrip-

523 1941 830 2024 tiuncula,
854 1964 1043 2032 quam
1072 1947 1397 2031 inscripsi.-
1428 1939 1511 2006 de
1530 1940 1789 2007 Aurelio
1812 1940 2161 2032 Augustino
2176 1989 2195 2025 ,
2234 1940 2450 2007 adve'r-

518 2058 685 2124 sario
713 2058 1211 2125 Donatistarum.
1251 2094 1338 2109 —
1366 2058 1539 2126 Num
1568 2032 1777 2124 autem
1802 2066 1870 2122 in
1895 2082 1974 2122 ea
2005 2058 2455 2125 conscribenda

504 2173 923 2264 probabiliter
955 2188 1233 2242 versatus
1264 2182 1413 2257 sim,
1437 2198 1641 2265 penes
1666 2199 1873 2241 rerum
1886 2183 2134 2266 peritos
2138 2176 2456 2263 judicium

524 2301 631 2357 sit.
723 2294 792 2359 Si
821 2292 979 2383 quid
1005 2298 1073 2356 in
1107 2316 1187 2357 ea
1211 2284 1623 2374 laudandum,
1672 2316 1798 2358 non
1832 2293 1906 2357 id
1925 2292 2081 2359 mihi
2104 2295 2296 2377 adeo,
2344 2294 2461 2360 sed

520 2416 811 2499 egregiae
843 2416 1252 2493 institutioni,
1300 2433 1427 2500 qua
1464 2410 1586 2475 hac
1623 2396 1693 2474 in
1722 2411 2072 2476 Academia
2097 2436 2246 2477 usus
2277 2436 2415 2477 sum
2431 2461 2450 2496 ,

519 2526 930 2591 tribuendum.
1017 2528 1303 2616 Impense
1328 2534 1496 2592 enim
1518 2527 1745 2609 laetor,
1782 2528 1954 2618 quod
1972 2530 2208 2594 Leidae
2232 2530 2476 2596 studiis.

519 2650 771 2734 operam
803 2644 960 2708 dare
998 2657 1066 2708 et
1097 2644 1464 2733 disciplinas
1504 2644 1917 2734 Theologicas
1938 2647 2256 2730 excolere,
2305 2648 2461 2712 mihi

517 2768 796 2851 cona‘git.
871 2761 1108 2851 Quales
1130 2773 1517 2854 quantosque
1547 2762 1735 2827 Viros
1763 2764 2207 2853 Praeceptor-es
2231 2764 2459 2829 habui!

521 2880 813 2967 Sufficiat
849 2886 1017 2943 inter
1052 2900 1188 2957 eos,
1236 2887 1345 2967 qui
1385 2902 1485 2942 me
1521 2878 1745 2943 litteris
1779 2866 2253 2943 humanioribus
2285 2881 2458 2943 aliis-

513 3018 632 3085 que
658 3001 1064 3058 instituerunt
1074 2991 1442 3081 disciplinis,
1462 3002 1819 3057 nominasse
1837 2993 2311 3059 Celeberrimum
2326 3018 2451 3062 vu

523 3134 651 3177 mm
683 3132 884 3191 unu,
933 3132 1017 3174 ex
1055 3112 1233 3197 cujus
1259 3116 1378 3174 viri
1387 3109 1734 3199 praeclara
1758 3112 2174 3193 institutione,
2222 3127 2459 3201 quanta

477 3216 482 3227 ⁸
525 3238 726 3295 inme
756 3227 917 3293 bona
943 3210 1453 3309 redundaberint,
1502 3236 1736 3309 sentio,
1772 3241 2071 3317 quantam
2107 3236 2177 3293 in
2208 3253 2306 3295 me
2338 3240 2458 3297 vim

525 3346 859 3412 habuerint
885 3354 1120 3435 scripta
1145 3368 1222 3409 ae
1249 3352 1377 3411 veri
1409 3344 1699 3410 Oratoris
1723 3346 1929 3427 Sacri,
1979 3346 2150 3436 quod
2166 3347 2322 3411 mihi
2345 3372 2459 3413 ex-

527 3462 761 3545 hibuit,
809 3435 1180 3551 ea'emplar,⁸
1207 3470 1314 3529 vix
1344 3461 1552 3527 dicere
1571 3469 1799 3528 ausim.
1880 3462 2077 3529 Grato
2103 3471 2314 3543 animo
2338 3467 2463 3531 Tui

525 3582 770 3671 se'mper
789 3578 1190 3661 recordabor,
1227 3580 1432 3645 Senex
1461 3578 1855 3645 Venerabilis
1868 3584 1892 3645 !
1934 3581 2141 3669 Teque
2156 3581 2461 3672 Praecep·
2480 3596 2493 3609 ·

535 3706 740 3764 torem·
765 3697 1056 3768 habuisse
1101 3705 1266 3762 inter
1301 3705 1618 3777 maxima,
1676 3721 1839 3786 quae
1881 3697 2037 3763 mihi
2074 3698 2453 3787 obtigerunt,

526 3798 742 3883 Divini
764 3816 1058 3883 Numinis
1088 3813 1386 3901 beneficia
1411 3836 1657 3904 semper
1682 3813 1999 3903 reputabo.

621 3934 877 4022 Quanta
911 3928 1097 3997 etiam
1125 3929 1336 4023 'Vobis
1377 3930 1602 4013 debeo,
1651 3939 1760 4021 qui
1788 3955 1886 3997 me
1918 3919 2319 4021 Theologiam
2346 3932 2455 3997 do-

530 4056 774 4131 cuistis,
826 4048 966 4113 Viri
999 4048 1661 4115 Clarissimi'cmmssn
1682 4097 1700 4131 ,
1748 4071 1873 4116 vm
1904 4046 2158 4115 usam.
2189 4063 2255 4113 et
2276 4053 2449 4115 ns'r!
