2917 4967
1443 340 1536 413 62

523 572 808 641 Ecclesia
813 572 1050 664 fictum
1079 594 1288 639 sermo
1312 589 1406 639 est
1422 622 1442 657 ,
1476 576 1528 640 si
1556 576 1691 641 sine
1723 575 1970 641 macula
1994 597 2070 642 ac
2096 596 2253 668 ruga
2278 576 2447 643 dica·

523 706 630 757 tur
661 690 782 781 (1).
871 692 966 757 Ea
1011 712 1087 757 ex
1127 690 1275 757 solis
1309 692 1575 775 sanctis,
1626 692 1733 780 qui
1758 690 2069 757 aedificati
2094 708 2240 759 sunt
2266 716 2454 784 super
2489 690 2493 697 ’

521 824 770 899 petram
785 855 804 891 ,
862 807 1184 897 perficitur
1216 807 1335 897 (α).
1429 806 1643 891 Quare
1683 817 1870 873 unica
1920 810 2231 891 columba,
2281 818 2453 875 inno-

520 950 672 995 cens
702 940 772 993 ct
801 926 1100 1015 simplex,
1131 926 1374 1015 pudc'ca
1409 940 1477 992 et
1512 940 1719 1009 casta,
1765 949 1998 1016 sponsa
2026 935 2164 993 sine
2204 929 2454 994 macula

519 1058 588 1113 et
629 1067 819 1133 ruga,
878 1043 1095 1109 hortus
1139 1042 1467 1109 conclusus
1476 1089 1499 1126 ,
1564 1046 1713 1129 fons
1752 1051 2069 1133 signam,
2087 1070 2093 1079 ·
2104 1046 2453 1134 paradisus

520 1186 662 1229 cum
675 1162 902 1251 fluctu
917 1184 1248 1249 pomorum
1293 1160 1668 1250 appellatur.
1758 1159 1866 1226 Ad
1888 1161 2066 1227 illam
2089 1184 2243 1227 vero
2275 1172 2450 1227 sanc-

520 1277 1010 1345 tamEcclesiam
1025 1284 1158 1343 non
1174 1279 1493 1368 pertinent
1506 1278 1657 1343 mali
1672 1276 1792 1369 (3).
1827 1279 1927 1344 Illi
1945 1280 2114 1345 enim
2130 1280 2299 1345 intus
2316 1302 2451 1347 esse

516 1395 718 1463 videri
751 1410 1049 1485 possunt,
1106 1393 1221 1461 sed
1255 1395 1408 1459 foris
1444 1410 1590 1461 sunt
1623 1394 1745 1485 (4).
1836 1395 2021 1462 »Non
2050 1395 2198 1462 ideo
2230 1396 2447 1486 (enim)

520 1510 786 1604 putandi
815 1528 1121 1579 suntesse
1139 1513 1210 1579 in
1232 1512 1462 1577 Christi
1488 1534 1761 1603 corpore
1774 1560 1793 1596 ,
1830 1513 2005 1601 quod
2021 1530 2115 1580 est
2130 1515 2446 1596 Ecclesia,

521 1632 670 1720 quia
709 1645 1246 1697 sacramentorum
1285 1632 1416 1716 ejus
1451 1630 1875 1719 corporaliter
1900 1632 2243 1721 participes
2268 1631 2449 1698 fiunt.

523 1748 642 1815 Illa
657 1748 828 1815 enim
848 1761 916 1812 et
937 1746 1005 1813 in
1032 1746 1258 1812 talibus
1279 1760 1497 1812 sancta
1510 1763 1680 1831 sunt,
1700 1762 1767 1813 et
1784 1748 1872 1813 eis
1900 1747 2158 1839 indigne
2179 1764 2453 1815 tractan-

522 1866 694 1933 tibus
713 1863 797 1931 ad
817 1868 1015 1951 majus
1045 1862 1352 1950 judicium
1372 1864 1701 1931 valebunt.
1773 1866 1901 1954 Ipsi
1928 1882 2138 1932 autem
2156 1889 2287 1932 non
2312 1881 2458 1933 sunt

523 1985 594 2051 in
615 1983 727 2049 illa
750 1983 1066 2049 Ecclesiae
1094 2003 1400 2073 compage
1420 2030 1438 2066 ,
1478 2004 1635 2070 quae
1664 1982 1734 2048 in
1759 1984 2060 2049 membris
2086 1984 2317 2049 Christi
2340 2008 2458 2075 per

528 2123 882 2169 connexum
895 2115 961 2165 et
982 2114 1346 2166 contactum
1365 2101 1590 2166 crescit
1615 2101 1683 2165 in
1697 2101 2155 2166 incrementum
2167 2101 2311 2168 Dei.
2340 2102 2456 2168 Illa

529 2220 764 2310 quippe
793 2217 1076 2284 Ecclesia
1100 2218 1171 2283 in
1199 2232 1381 2307 petra
1410 2233 1537 2301 est3
1584 2218 1748 2285 sicut
1775 2217 2083 2284 Dominus
2116 2217 2307 2284 dicit:
2350 2218 2455 2283 sia-

515 2361 643 2427 per
678 2336 842 2402 ltanc
863 2348 1110 2425 petram
1141 2334 1489 2423 aedfficabo
1519 2334 1871 2401 Ecclesiam
1900 2358 2126 2401 meam.
2216 2336 2317 2401 Illi
2351 2360 2458 2401 au-

527 2471 660 2525 tem
682 2457 751 2521 in
773 2477 964 2521 arena
992 2452 1358 2520 aedificant”
1390 2452 1510 2544 (5).
1584 2454 1894 2545 Supremo
1918 2454 2091 2519 facto
2113 2452 2357 2542 judicio
2382 2476 2459 2521 ex

525 2572 678 2641 solis
707 2571 938 2640 sanctis
975 2572 1290 2638 constabit
1316 2571 1633 2656 Ecclesia3
1680 2587 1818 2639 tum
1844 2572 2016 2639 enim
2041 2573 2199 2638 boni
2223 2594 2260 2638 a
2284 2573 2461 2639 malis

524 2692 980 2783 separabuntur
1014 2689 1133 2781 (6).

617 2806 763 2891 Qua
796 2824 1004 2875 autem
1033 2809 1282 2873 ratione
1307 2808 1464 2872 boni
1501 2830 1575 2872 ac
1607 2807 1759 2873 mali
1788 2804 1869 2873 ad
1898 2808 2245 2874 Ecclesiam
2275 2807 2462 2899 perti-

530 2942 725 2991 neant
741 2974 761 3008 ,
790 2927 881 2991 ita
908 2925 1166 3015 exponit
1184 2971 1203 3007 ,
1229 2939 1302 2987 ut
1323 2922 1523 2989 dicat:
1560 2925 1627 2988 in
1654 2922 1851 2990 domo
1868 2925 1989 2989 Dei
2008 2925 2164 2989 alios
2185 2926 2275 2989 ita
2291 2948 2423 2989 esse
2436 2972 2456 3007 ,

530 3058 604 3107 ut
632 3042 752 3131 ipsi
783 3042 974 3107 etiam
1006 3042 1132 3106 sint
1161 3038 1385 3105 eadem
1413 3038 1645 3135 'domus
1667 3041 1788 3105 Dei
1806 3087 1824 3123 ,
1855 3062 2014 3127 quae
2040 3037 2269 3105 dicitur
2299 3039 2464 3104 aedi-

533 3156 714 3223 ficari
761 3180 949 3248 super
987 3172 1233 3247 petram
1260 3204 1279 3240 ,
1329 3180 1489 3245 quae
1528 3157 1717 3221 unica
1745 3156 2038 3221 columba
2070 3154 2456 3246 appellatur,

531 3298 763 3365 sponsa
786 3275 1050 3366 pulchra
1066 3322 1085 3357 ‚
1118 3288 1285 3355 cet.;
1321 3272 1480 3339 alios
1499 3316 1518 3353 ,
1550 3289 1623 3337 ut
1640 3295 1774 3339 non
1803 3272 2159 3362 pertineant
2184 3270 2267 3337 ad
2289 3295 2462 3339 com-

1129 3478 1254 3488 ...ᾖ

597 3594 678 3663 (1)
709 3596 937 3647 Retract.
973 3595 1083 3649 Lib.
1122 3594 1174 3645 11
1208 3612 1258 3649 o.
1298 3596 1382 3647 18.

593 3681 673 3749 (2)
705 3681 778 3731 Dc
811 3679 953 3745 bapt.
989 3678 1096 3729 Lib.
1131 3678 1200 3727 VI
1239 3676 1272 3743 §
1307 3678 1395 3730 66.

596 3764 678 3830 (3)
714 3763 847 3816 ibid.
895 3761 1006 3815 Lib.
1041 3762 1086 3811 V
1121 3762 1144 3827 5
1180 3759 1282 3821 2⁴.
1321 3759 1345 3829 5
1383 3761 1485 3822 38.
1527 3760 1634 3814 Lib.
1671 3759 1741 3811 vt
1777 3760 1802 3827 5
1840 3760 1875 3810 5
1908 3775 2052 3825 seqq.
2083 3759 2193 3811 Lib.
2227 3760 2350 3827 1V5
2391 3758 2472 3811 16.

599 3846 683 3912 (4)
713 3848 770 3897 c.
805 3845 1040 3897 Crescon-
1079 3844 1186 3895 Lib.
1223 3844 1277 3896 11
1314 3845 1337 3910 5
1373 3844 1475 3904 26,
1512 3843 1575 3895 de
1610 3844 1752 3911 bapt.
1788 3842 1904 3897 Lib.
1942 3842 2011 3894 VI
2045 3842 2071 3910 5
2108 3842 2195 3895 ⁴4.

598 3931 680 3997 (δ)
713 3931 772 3983 C.
810 3930 915 3979 litt.
950 3929 1102 3980 Petu.
1139 3928 1250 3981 mh.
1288 3928 1339 3978 11
1377 3930 1400 3995 5
1437 3928 1579 3981 246..

603 4014 684 4081 (fl)
719 4013 776 4062 C.
813 4012 917 4063 litt.
957 4011 1110 4064 Petu.
1150 4011 1254 4063 Lib.
1295 4013 1375 4063 111
1411 4014 1434 4079 5
1474 4011 1539 4074 ⁴,
1579 4029 1627 4063 c.
1662 4012 1819 4079 Epist.
1857 4014 2089 4065 Pernen.
2128 4010 2235 4065 tib.
2274 4009 2328 4061 Π
2363 4010 2387 4077 5
2422 4010 2477 4061 9.
