2917 4967
1327 402 1371 470 5

367 637 561 720 adeo,
597 658 820 705 vanam
857 658 988 701 esse
1021 656 1240 700 eorum
1268 634 1645 701 doctrinam.
1694 634 1830 701 Nec
1860 637 2161 701 continuo
2206 654 2293 701 ta-

371 778 520 822 men
555 768 790 819 sectam
819 752 994 817 illam
1025 751 1329 835 deseruit3
1374 754 1444 817 in
1484 757 1614 839 ejus
1644 757 1797 818 vero
1822 750 2121 819 societate
2150 778 2294 843 per-

369 894 650 939 severare
693 870 1003 954 decrevit,
1035 869 1240 936 donec
1265 870 1488 935 melius
1512 869 1663 958 quid
1689 871 2043 937 invenisset.

392 1007 398 1013 '
448 992 638 1055 Anno
666 987 792 1054 383
815 990 1087 1057 Romam
1103 988 1428 1077 profectus
1451 1004 1578 1070 est,
1618 1003 1691 1052 ut
1714 986 1975 1053 doceret
1995 989 2309 1077 eloquem·

365 1109 519 1173 tiam
533 1156 551 1190 ,
569 1106 758 1195 „quod
785 1130 932 1172 cum
957 1106 1018 1171 ei
1041 1128 1176 1171 non
1203 1104 1368 1171 bene
1391 1103 1759 1171 succederet
1773 1152 1794 1188 ,
1825 1128 1991 1170 anno
2016 1109 2297 1193 sequenti

368 1223 802 1290 Mediolanum
863 1223 1045 1312 petiit
1060 1271 1078 1305 ,
1126 1224 1237 1288 uhi
1293 1222 1577 1287 doctoris
1624 1224 2017 1311 eloquentiae
2057 1224 2295 1313 publici

369 1362 630 1408 munere
661 1357 914 1407 ornatus
940 1355 1053 1406 est.
1128 1340 1402 1405 Multum
1427 1340 1487 1405 ei
1510 1339 1749 1429 profuit
1778 1341 2197 1406 commoratio
2226 1343 2295 1405 in

371 1482 447 1526 ea
481 1461 660 1527 urbe.
763 1457 1045 1523 Innotuit
1087 1458 1146 1522 ei
1189 1457 1558 1523 Ambrosius
1571 1505 1591 1542 ,
1640 1458 1813 1523 urbis
1838 1458 2004 1523 illius
2032 1460 2291 1548 Episco-

368 1600 485 1667 pus
503 1626 523 1659 ‚
595 1580 768 1662 cujus
825 1574 946 1640 viri
1003 1574 1394 1639 sermonibus
1410 1622 1429 1657 ,
1497 1596 1653 1661 quos
1688 1574 1929 1663 saepius
1968 1574 2259 1641 audiebat
2272 1625 2290 1659 ,

367 1694 606 1759 factum
657 1707 783 1774 est,
839 1706 911 1756 ut
957 1690 1145 1781 plane
1176 1691 1432 1757 missum
1461 1691 1700 1757 faceret
1740 1692 2295 1759 Manichaeismum

371 1824 558 1897 atque
583 1808 1079 1874 Catechumenus
1108 1809 1176 1873 in
1203 1808 1487 1874 Ecclesia
1519 1808 1845 1874 Catholica
1874 1810 2259 1898 reciperetur
2272 1858 2293 1893 ‚

369 1950 566 2015 usque
611 1925 764 1991 dum
777 1973 798 2009 ‚
851 1925 1001 2014 quid
1041 1949 1258 1992 verum
1294 1941 1454 1992 esset
1467 1973 1487 2010 ,
1520 1949 1774 2016 prorsus
1800 1928 1919 1992 sibi
1940 1950 2297 2016 persuasum

339 2044 560 2113 foret.
906 2034 920 2049 ‘

455 2161 664 2228 Mater
698 2186 844 2228 cum
870 2162 1304 2230 Mediolanum
1332 2165 1635 2249 venisset„
1672 2181 1745 2230 ut
1768 2164 1968 2233 filium
1991 2167 2292 2250 visitaret,

367 2279 651 2369 impense
685 2280 892 2371 gavisa
929 2295 1026 2345 est
1054 2280 1551 2348 Manichaeismo
1593 2306 1739 2347 eum
1784 2279 2147 2347 valedixisse
2164 2331 2183 2367 ‚
2232 2299 2297 2348 et

369 2420 547 2487 spem
580 2398 812 2463 laetam
835 2397 1093 2463 fovebat
1108 2445 1127 2481 ,
1177 2394 1319 2463 fore
1367 2413 1441 2461 ut
1486 2401 1619 2483 jam
1668 2396 1925 2464 tandem
1978 2400 2299 2465 Ecclesiae

367 2514 731 2579 Catholicae
759 2515 1048 2601 vitaeque
1073 2514 1416 2603 integritati
1453 2536 1589 2579 sese
1615 2511 1958 2587 addiceret,
2053 2515 2169 2579 His
2198 2528 2291 2579 ta-

370 2652 521 2695 men
543 2630 707 2694 votis
729 2652 863 2693 non
889 2631 1100 2693 statim
1124 2630 1270 2693 satis
1293 2628 1533 2693 factum
1560 2644 1676 2695 est.
1728 2644 1732 2651 “
1884 2692 1889 2700 .

457 2746 894 2811 Concubinam
943 2743 1180 2809 dimisit
1235 2743 1493 2832 quidem
1546 2744 1925 2836 Augustinus
1938 2795 1957 2830 ,
2014 2730 2080 2812 at
2122 2750 2300 2813 brevi

368 2880 515 2957 post
551 2864 740 2929 aliam
777 2863 896 2927 sibi
938 2862 1178 2927 sumsit.
1271 2862 1501 2944 Mortis
1536 2885 1691 2928 vero
1730 2886 1805 2935 ac
1839 2862 2061 2950 judicii
2101 2865 2295 2931 futuri

371 2982 552 3048 metu'
581 2980 722 3046 solo
775 2978 1208 3045 deterrebatur
1221 3026 1240 3063 ,
1291 2980 1623 3068 quominus
1663 2982 1839 3045 omni
1874 2981 2181 3072 voluptati
2222 3007 2296 3049 ac

369 3098 619 3165 libidini
651 3120 718 3163 se
749 3096 958 3163 denuo
985 3096 1284 3162 traderet.
1349 3096 1913 3163 Manichaeismum
1936 3100 2296 3188 reliquerat,
2347 3154 2352 3162 .

373 3215 486 3282 sed
532 3232 746 3281 tamen
799 3216 1118 3291 Ecqlesiae
1162 3213 1529 3279 Catholicae
1577 3238 1643 3279 se
1695 3216 1955 3282 minime
1999 3215 2260 3283 dederat
2274 3266 2295 3302 ,

378 3333 555 3399 omni
609 3333 841 3421 quippe
903 3354 1124 3397 carens
1178 3331 1501 3421 religionis
1568 3348 1632 3397 et
1686 3334 1913 3397 notitia
1970 3350 2144 3399 certa
2172 3380 2193 3419 ,
2238 3352 2304 3401 et

375 3472 594 3519 amore
651 3450 923 3515 sincero.
1028 3448 1242 3538 Prope
1305 3464 1520 3514 tamen
1578 3452 1711 3535 jam
1758 3452 1974 3516 aberat
2019 3454 2265 3542 tempus
2278 3502 2299 3536 ,

373 3589 502 3655 quo
537 3566 866 3656 Augustini
905 3589 1053 3631 cum
1087 3564 1396 3631 sentiendi
1411 3614 1431 3649 ‚
1479 3580 1617 3631 tum
1644 3566 1897 3633 vivendi
1910 3570 2085 3634 'ratio
2116 3569 2303 3659 plane

380 3688 918 3748 commutaretur..
988 3681 1264 3748 Provida
1298 3683 1422 3747 Dei
1474 3684 1625 3747 cura
1668 3683 1906 3749 factum
1937 3701 2030 3750 est
2052 3734 2072 3767 ‚
2119 3702 2190 3751 ut
2237 3688 2307 3753 in

373 3798 852 3887 Simplicianum
879 3798 1192 3865 incideret
1208 3848 1226 3882 ,
1263 3822 1480 3866 senem
1512 3801 1935 3867 venerabilem
1952 3850 1971 3885 ,
2003 3825 2042 3867 a
2065 3826 2193 3891 quo
2226 3802 2307 3871 de
2320 3784 2335 3791 ⁶

377 3915 626 3981 meliori
663 3915 792 3981 vita
837 3914 1100 3981 edoctus
1147 3910 1264 3982 est]
1358 3916 1475 3981 llle
1536 3918 1811 3983 narravit
1836 3919 1932 4001 ei,
1983 3919 2307 4007 quomodo

377 4032 740 4099 Victorinus
757 4082 776 4115 ,
813 4034 918 4121 qui
967 4034 1208 4099 Romae
1241 4032 1475 4099 doctor
1505 4034 1708 4100 fuerat
1747 4035 2144 4122 eloquentiae
2163 4084 2181 4118 ,
2228 4036 2308 4100 ad
