2917 4967
1459 326 1547 399 10

529 564 858 629 brutorum
895 563 1088 629 instar
1127 563 1196 628 in
1235 584 1305 627 se
1347 563 1621 629 invicem
1652 564 1981 631 saevirent.
2074 567 2163 633 At
2194 589 2347 633 vero
2378 569 2459 633 ad

519 684 752 767 justam
807 680 1156 772 argumenti
1205 680 1408 746 nostri
1455 681 1901 749 tractationem
1944 682 2109 750 hanc
2174 682 2459 773 disquisi-

525 800 768 865 tionem
799 821 1054 889 prorsus
1083 799 1497 864 necessariam
1528 820 1685 881 esse,
1720 800 1981 889 quisque
1998 800 2330 885 fatebitur,
2354 804 2459 869 cui

525 934 923 1007 perspectum
957 916 1070 999 sit,
1109 930 1412 1005 quantum
1437 915 1597 982 lucis
1640 918 1762 1006 ipsi
1804 919 2303 1001 controversiae,
2332 920 2457 985 Au-

522 1036 840 1127 gustinum
871 1036 1038 1100 inter
1076 1048 1141 1099 et
1180 1034 1539 1100 Donatistas
1568 1034 1871 1125 agitatae,
1914 1034 2161 1101 afferat.
2204 1080 2211 1089 -

615 1152 816 1241 Origo
847 1152 1038 1243 igitur
1067 1150 1424 1217 schismatis
1451 1174 1600 1217 sane
1622 1173 1756 1218 non
1780 1166 2026 1217 tantum
2050 1152 2121 1217 in
2142 1151 2458 1219 electione

523 1269 822 1359 Episcopi
849 1267 1203 1359 quaerenda
1225 1285 1342 1337 est.
1405 1251 1961 1361 opportunitatem
1986 1270 2145 1336 haec
2169 1272 2457 1361 praebuit

525 1386 875 1471 schismati,
925 1410 1108 1453 causa
1147 1410 1302 1453 vero
1345 1388 1529 1453 altius
1560 1388 1748 1472 latet,
1797 1402 1865 1453 et
1901 1388 2173 1453 maxime
2202 1387 2458 1477 quidem

522 1504 615 1569 uti
645 1503 921 1589 videtur,
948 1506 1020 1571 in
1044 1506 1236 1595 ipsius
1255 1504 1575 1572 Ecclesiae
1602 1504 1991 1573 Christianae
2014 1505 2143 1571 hoc
2168 1522 2459 1596 tempore

523 1620 914 1690 conditione.
1001 1623 1256 1689 Privum
1290 1623 1462 1690 enim
1493 1645 1569 1690 ac
1602 1624 1933 1714 proprium
1960 1622 2111 1689 huic
2140 1625 2459 1689 schismati

521 1742 951 1809 characterem
991 1757 1314 1807 certamen
1345 1740 1569 1807 tribuit
1583 1788 1603 1825 ,
1648 1739 1823 1829 quod
1870 1738 1951 1809 de
1994 1762 2207 1807 rerum
2236 1740 2457 1809 Eccle-

519 1860 910 1927 siasticarum
938 1880 1015 1925 ac
1043 1859 1445 1949 politicarum
1464 1858 1764 1949 agebatur
1786 1858 2264 1923 commixtione.
2312 1856 2458 1923 Hoc

519 1992 731 2043 autem
777 1992 1102 2043 certamen
1127 1976 1438 2067 originem
1476 1976 1664 2041 traxit
1688 1998 1727 2041 e
1748 1974 2115 2041 notionibus
2132 2020 2152 2059 ,
2181 1996 2460 2065 paganae

521 2094 844 2185 religioni,
882 2109 954 2158 ut
991 2092 1284 2183 religioni
1335 2092 1605 2157 civitatis
1622 2139 1641 2175 ,
1678 2092 1985 2182 oppositis
2016 2090 2101 2159 de
2127 2092 2459 2158 universali
2500 2080 2505 2089 ¹

519 2210 848 2275 hominum
880 2212 1020 2297 jure
1063 2226 1127 2275 et
1153 2208 1579 2275 conscientiae
1612 2208 1903 2279 libertate
1918 2256 1940 2293 ,
1982 2232 2135 2299 quas
2166 2209 2462 2275 Christia-

519 2328 753 2393 nismus
776 2328 845 2393 in
874 2327 1082 2392 lucem
1102 2326 1440 2416 protraxit.
1842 2410 1848 2419 ·

604 2443 781 2510 Haec
820 2443 942 2509 fuit
968 2443 1269 2533 primaria
1295 2464 1481 2509 causa
1510 2465 1585 2510 ac
1616 2444 1949 2513 remotior.
2043 2444 2463 2511 Accesserunt

517 2560 674 2627 aliae
687 2609 707 2646 ,
747 2584 908 2651 quae
934 2560 1201 2639 schisma
1224 2575 1696 2651 praepararent.
1790 2561 1930 2627 Hae
1960 2562 2249 2651 proxime
2270 2584 2459 2651 quae·

515 2676 749 2745 rendae
795 2694 940 2745 sunt
989 2678 1058 2743 in
1100 2677 1266 2743 illius
1307 2677 1629 2743 Ecclesiae
1660 2677 2049 2743 Christianae
2078 2678 2274 2766 partis
2302 2701 2455 2743 con·

511 2793 790 2879 ditione,
819 2796 890 2861 in
919 2819 1044 2886 qua
1071 2797 1344 2862 schisma
1373 2811 1586 2861 ortum
1616 2810 1732 2861 est.
1804 2796 2093 2862 Invenire
2112 2795 2253 2862 illas
2274 2797 2457 2863 nobis

515 2910 802 2979 videmur
823 2914 894 2977 in
908 2914 1269 3004 fanatiemo
1287 2959 1310 2996 ,
1345 2934 1535 2999 quem
1568 2912 2029 2979 Montanismus
2050 2913 2322 2980 maxime
2346 2936 2461 3004 per

513 3050 776 3096 omnem
827 3027 1114 3094 Africam
1159 3028 1571 3113 excitaverat3
1626 3031 1695 3095 in
1729 3026 2171 3125 persecutione
2220 3032 2465 3100 Diocle-

513 3155 694 3213 tiana
707 3194 732 3230 ,
761 3147 994 3237 quippe
1031 3168 1190 3234 quae
1231 3168 1444 3212 ansam
1470 3147 1757 3238 praebuit
1770 3196 1794 3231 ,
1824 3164 1897 3213 ut
1946 3148 2307 3220 fanatismus
2346 3150 2463 3214 iste

513 3288 585 3334 se
647 3266 1060 3354 conspicuum
1125 3262 1452 3350 redderet3
1512 3265 1579 3330 in
1631 3264 1932 3331 electione
1989 3265 2263 3356 denique
2312 3268 2467 3333 novi

515 3384 816 3473 Episcopi
873 3382 1426 3473 Carthaginiensis,
1474 3405 1633 3471 quae
1666 3384 1985 3449 schismati
2021 3384 2276 3473 publice
2309 3405 2461 3473 pro-

513 3498 852 3591 rumpendi
881 3501 1284 3567 occasionem
1315 3498 1514 3567 dedit.
1760 3493 1765 3501 ’

603 3616 1064 3685 montanismus
1101 3619 1173 3685 in
1199 3619 1352 3685 Asia
1381 3619 1615 3685 minori
1644 3634 1820 3683 ortus
1854 3616 2111 3706 quidem
2133 3665 2154 3704 ,
2194 3634 2261 3684 at
2283 3620 2459 3685 brevi

513 3738 586 3803 in
639 3735 1067 3802 Occidentem
1115 3735 1445 3801 translatus
1462 3784 1483 3819 ‚
1540 3756 1708 3823 nova
1750 3735 1999 3801 ratione
2034 3734 2129 3800 ibi
2178 3733 2459 3800 excultus

519 3869 638 3921 est.
697 3850 870 3919 Elius
915 3852 1086 3921 enim
1129 3851 1420 3919 doctrina
1461 3875 1610 3919 cum
1648 3852 1919 3930 maxime
1940 3850 2225 3942 practica
2250 3866 2411 3917 esset
2435 3898 2454 3933 ,

520 3971 890 4063 praeprimis
950 3969 1462 4037 occidentalibus
1534 3968 1793 4059 placuit.
1938 3968 2155 4037 Africa
2202 3968 2462 4059 propria
