2917 4967
1482 402 1575 471 84

584 637 663 698 sit
695 632 846 723 (1).'’
936 634 1084 701 Non
1131 634 1309 699 aliter
1349 633 1708 699 Donatistas
1746 632 2201 721 persequuntur
2231 635 2503 699 Catholi-

587 751 648 815 ci
665 797 684 833 ,
714 751 833 815 nisi
875 748 1404 838 quemadmodum
1445 751 1674 816 veritas
1716 751 2107 838 persequitur
2146 751 2498 819 falsitatem.

587 866 656 929 Si
706 866 886 931 aliter
927 866 1035 932 fiat
1052 913 1070 949 ,
1117 867 1168 929 si
1210 864 1435 930 modus
1461 865 1847 931 Christianus
1896 890 2178 933 excessus
2207 870 2287 933 sit.
2308 916 2327 951 ‚
2376 892 2505 934 non

573 980 670 1046 ad
694 982 1084 1047 Catholicam
1115 982 1460 1047 Ecclesiam
1486 983 1757 1072 pertinet
1771 1030 1789 1065 ,
1823 984 2005 1048 sicuti
2038 1008 2158 1050 nec
2191 984 2272 1050 ad
2296 986 2506 1050 Dona·

585 1099 786 1179 tisun,
820 1099 872 1163 si
900 1101 1006 1187 qui
1039 1120 1261 1163 eorum
1292 1099 1579 1163 similiter
1609 1100 1844 1163 faciant
1872 1098 1986 1188 (2).

555 1302 566 1313 ⁵
625 1215 800 1281 Haec
829 1216 1055 1281 contra
1098 1217 1454 1281 Donatistas
1504 1217 1573 1279 in
1620 1215 1899 1281 medium
1950 1218 2213 1305 protulit
2261 1220 2501 1309 Augus-

579 1332 786 1413 tinu's3
855 1348 921 1395 at
967 1355 1119 1398 vero
1151 1338 1356 1397 omnis
1404 1332 1745 1421 disputatio
1774 1334 1842 1398 in
1872 1331 2028 1397 illud
2058 1332 2313 1399 tandem
2353 1357 2503 1399 con·
2548 1420 2551 1425 Ι

577 1449 935 1513 vertebatur
950 1498 970 1531 ‚
1013 1466 1085 1515 ut
1129 1450 1562 1539 quaereretur,
1611 1474 1759 1514 num
1790 1458 1850 1515 νί
1880 1458 1973 1515 uti
2008 1451 2198 1514 liceat
2221 1459 2288 1514 in
2322 1450 2505 1515 rebus

577 1573 800 1643 sacris.
878 1568 1224 1655 Utramque
1247 1582 1495 1655 partem
1520 1590 1597 1632 ea
1631 1566 1711 1632 de
1740 1590 1810 1632 re
1838 1590 2013 1632 nunc
2044 1566 2399 1633 audiamus.

1465 1806 1610 1881 52.

1095 2035 1572 2099 Donatistarum
1630 2037 1969 2101 Sententia.
2079 2092 2087 2104 .

648 2269 1014 2332 Donatistae
1041 2266 1134 2356 (3)
1171 2288 1423 2355 prorsus
1456 2268 1773 2356 negabant
1820 2266 2068 2331 cuidam
2102 2271 2220 2354 jus
2272 2292 2408 2333 esse
2440 2278 2505 2335 νί

577 2385 789 2449 utendi
820 2393 888 2447 in
921 2384 1105 2447 rebus
1130 2386 1341 2449 Sacris
1354 2432 1373 2465 ‚
1408 2406 1789 2471 omnemque
1818 2406 1995 2447 suam
2020 2387 2501 2474 argumentatio-
2532 2428 2535 2433 -

575 2500 724 2567 nem
752 2502 822 2566 in
856 2524 934 2565 eo
962 2502 1307 2590 ponebant,
1337 2499 1514 2587 quod
1536 2522 1665 2563 non
1692 2516 1935 2564 tantum
1962 2499 2323 2567 adversetur
2345 2502 2504 2568 illud

577 2617 864 2706 exemplo
919 2632 984 2681 et
1041 2617 1294 2709 monitis
1342 2617 1376 2678 J
1379 2638 1487 2680 esu
1530 2632 1596 2681 et
1632 2615 2088 2704 'Apostolorum
2102 2664 2121 2699 ‚
2169 2617 2280 2683 sed
2312 2620 2503 2684 etiam

574 2736 750 2800 omni
763 2734 1082 2824 religionis
1094 2733 1480 2798 Christianae
1497 2731 1719 2797 indoli.
1749 2733 2061 2798 Dicebant
2079 2734 2247 2798 enim
2260 2758 2391 2798 non
2400 2758 2498 2799 so-

572 2852 706 2917 lum
739 2851 910 2916 nulla
926 2852 994 2915 in
1011 2852 1202 2915 sacris
1216 2850 1437 2915 litteris
1454 2866 1793 2939 praecepta
1812 2867 2051 2916 exstare
2069 2898 2088 2933 ‚
2118 2875 2275 2938 quae
2300 2876 2504 2941 perse-

573 2970 894 3033 cutionem
913 2969 981 3031 in
1004 2968 1187 3032 aliter
1209 2968 1545 3031 sentientes
1556 2967 1845 3053 jubeant,
1861 2968 1965 3032 vel
1983 2983 2049 3031 et
2064 2967 2366 3032 suadeant
2378 2969 2492 3057 (4),

569 3082 680 3147 sed
706 3080 896 3147 etiam
919 3083 1185 3147 inveniri
1202 3129 1222 3164 ,
1256 3104 1413 3170 quae
1462 3105 1607 3146 eam
1638 3083 2041 3171 prohibeant.
2134 3084 2342 3148 Affert
2383 3083 2497 3149 Pe-

565 3199 817 3262 tilianus
871 3197 1087 3262 locum
1123 3198 1310 3263 Matt-
1361 3198 1445 3263 Χ..
1498 3196 1581 3260 23
1602 3244 1620 3278 ,
1669 3198 1779 3262 ubi
1815 3199 2127 3262 Dominus
2157 3198 2494 3287 discipulos

568 3318 938 3404 praemonet
986 3310 1069 3378 de
1112 3313 1654 3401 persecutionibus
1671 3361 1690 3394 ,
1749 3336 1909 3400 quos
1950 3314 2213 3379 subituri
2264 3330 2493 3383 essent.

621 3708 702 3773 (1)
735 3706 867 3758 lbid.
905 3705 1013 3757 Lib.
1051 3707 1104 3755 11
1134 3707 1158 3774 ς
1193 3706 1292 3768 24,
1333 3706 1356 3773 ς
1397 3706 1486 3759 46.

617 3790 701 3857 (2)
732 3794 790 3842 c.
823 3790 930 3841 litt.
967 3790 1120 3842 retu.
1151 3790 1259 3841 Lib.
1298 3790 1351 3839 11
1386 3790 1413 3857 ς
1451 3791 1568 3843 181.

612 3873 693 3939 (3)
726 3874 866 3923 Hane
911 3875 1302 3924 controversiam
1329 3890 1359 3925 a
1391 3880 1536 3940 parte
1575 3874 1949 3927 Donatistarum
1999 3880 2303 3947 praeprimig
2339 3881 2497 3945 agita-

735 3958 857 4003 ruut
887 3970 1172 4007 nrmnu·
1203 3959 1258 4006 et
1293 3972 1631 4018 estonum,
1672 3974 1843 4010 eorum
1878 3961 2125 4028 Episcopi.

615 4036 698 4106 (4)
730 4038 947 4103 August.
981 4056 1030 4089 c.
1065 4041 1172 4096 litt.
1207 4041 1362 4095 Petu.
1395 4041 1503 4092 Lib.
1544 4042 1596 4091 11
1630 4042 1655 4107 ς
1701 4044 1817 4097 188.
