2917 4967
1474 390 1571 463 7¹1

551 628 717 697 rem'
749 626 870 717 (ι).
962 626 1040 691 In
1061 584 1388 691 catholica
1417 622 1672 711 quid·-
1700 622 1983 689 Ecclesia
2022 639 2117 689 est
2138 670 2159 707 ,
2206 623 2321 689 sed
2344 648 2477 693 nou

545 750 616 813 in
655 746 793 812 sola
817 744 934 834 (2).
1025 742 1372 809 Hoereticis
1417 742 1589 807 enim
1630 764 1779 807 eum
1816 764 1893 807 ea
1934 743 2299 823 communia
2333 760 2479 811 sunt

547 878 940 931 sacramenta
961 860 1078 950 (3).
1167 860 1222 925 F
1223 860 1589 925 alsissimum
1635 882 1767 925 esse
1813 858 1968 925 dicit
1985 907 2003 943 ,
2049 884 2127 925 ex
2148 883 2260 944 ee,
2306 861 2481 949 quod

545 1004 708 1047 unus
730 982 813 1046 sit
835 979 1204 1068 baptismus,
1253 976 1507 1043 efficere
1527 977 1689 1043 velle
1704 1025 1723 1059 ‚
1768 1000 1908 1060 eos,
1941 978 2049 1065 qui
2078 1002 2213 1045 non
2245 981 2480 1045 suntin
2590 1029 2603 1045 .

549 1123 680 1165 una
701 1097 982 1163 Ecclesia
995 1144 1014 1179 ‚
1040 1118 1236 1161 unum
1260 1094 1573 1183 baptisma
1599 1096 1833 1161 habere
1866 1117 1999 1162 non
2030 1120 2237 1185 posse.
2310 1098 2373 1163 N
2374 1120 2477 1163 am

549 1238 708 1283 unns
731 1212 985 1302 quidem
995 1213 1166 1278 Deus
1191 1226 1313 1296 oet,
1339 1211 1452 1277 sed
1474 1212 1667 1277 etiam
1692 1227 1867 1277 extra
1877 1212 2225 1278 Ecclesiam
2250 1213 2481 1279 colitur

549 1334 690 1415 ille;
725 1354 854 1397 una
883 1346 977 1395 est
1001 1329 1156 1395 fides
1170 1376 1189 1413 ,
1216 1327 1329 1395 sed
1359 1331 1436 1393 ea
1459 1330 1651 1395 etiam
1680 1327 1955 1420 gaudent
1984 1330 2271 1396 homines
2304 1346 2480 1396 extra

547 1449 897 1517 Faeclaeiam
927 1447 1042 1537 (4).
1116 1447 1276 1513 Aliis
1295 1447 1487 1513 etiam
1508 1446 2014 1513 similitudinibus
2042 1472 2179 1513 rem
2207 1448 2481 1515 illustrat

555 1591 632 1635 ac
657 1568 930 1659 probare
961 1580 1249 1631 conatur.
1342 1564 1556 1649 »Sicut
1585 1567 1743 1631 boni
1774 1582 1840 1631 et
1870 1566 2052 1632 mali'’
2070 1614 2091 1651 ,
2140 1569 2261 1649 ait,
2309 1590 2482 1633 »non

551 1687 852 1751 habentes
874 1706 1066 1751 unam
1089 1706 1267 1772 spem
1282 1730 1302 1767 ,
1330 1699 1594 1773 possunt
1612 1699 1827 1749 tamen
1847 1686 2085 1751 habere
2113 1708 2310 1751 unum
2331 1687 2482 1775 bap-

553 1804 768 1867 tisma:
814 1803 905 1867 ita
943 1802 1168 1889 quibus
1217 1822 1352 1867 non
1389 1816 1487 1865 est
1526 1802 1879 1867 communis
1909 1801 2226 1886 Ecclesia,
2272 1817 2483 1891 potest

551 1919 863 2008 baptisma
917 1940 1048 1983 oese
1097 1917 1466 1983 commune”
1516 1916 1631 2007 (5).
1742 1919 1826 1983 Et
1879 1942 2123 1985 rursus:
2189 1919 2335 1985 »Sic
2391 1934 2485 1985 est

555 2060 752 2101 unum
779 2024 1088 2125 baptisma
1105 2082 1124 2117 ‚
1172 2033 1498 2122 quomodo
1534 2051 1628 2101 est
1652 2058 1777 2101 una
1802 2035 2127 2118 columba,
2172 2058 2317 2101 cum
2342 2060 2483 2126 pos-

553 2157 682 2221 sint
697 2202 718 2237 ,
765 2154 873 2242 qui
911 2175 1046 2218 non
1081 2168 1226 2218 sunt
1247 2154 1318 2219 in
1344 2153 1639 2219 columba
1670 2155 2121 2237 communiter,
2168 2155 2478 2244 baptisma

555 2288 770 2339 tamen
797 2272 1030 2337 habere
1062 2270 1515 2337 communiter”
1540 2270 1655 2360 (6).
1746 2271 2063 2361 Baptisma
2088 2273 2279 2337 etiam
2306 2286 2482 2337 extra

558 2390 908 2457 Ecclesiam
941 2404 1038 2455 est
1052 2436 1073 2473 ,
1116 2404 1188 2453 ut
1229 2412 1390 2478 aqua
1413 2390 1772 2479 Euphratae
1795 2388 2065 2455 fluminis
2094 2391 2285 2455 etiam
2308 2404 2483 2455 extra

559 2508 918 2599 paradisum
943 2506 1119 2573 fluxit
1149 2506 1263 2597 (7).
1357 2507 1647 2596 Ipsorum
1692 2508 1980 2598 exemplo
2013 2509 2373 2574 Donatistas
2394 2530 2489 2573 re—

559 2628 768 2693 futare
795 2626 1036 2709 studet,
1082 2648 1436 2715 provocans
1464 2624 1546 2691 ad
1576 2626 1867 2709 concilii,
1906 2627 2089 2693 abiis
2117 2627 2315 2691 habiti
2330 2673 2348 2708 ,
2384 2624 2489 2691 de-

561 2763 805 2812 cretum
819 2795 838 2829 ,
889 2767 1016 2834 quo
1059 2744 1418 2835 agnoscitur
1457 2744 1804 2835 baptismus
1848 2745 2447 2811 Maximianistarum
2466 2790 2485 2824 ,

561 2865 672 2952 qui
704 2864 974 2929 schisma
1001 2886 1040 2927 a
1059 2878 1239 2953 parte
1263 2862 1503 2927 Donati
1532 2862 1815 2928 fecerant
1840 2861 1955 2951 (8).

647 2980 949 3045 Perhibet
991 3002 1188 3067 porro
1233 2979 1615 3069 Augustinus
1657 3004 1785 3045 non
1824 2980 2063 3068 restet-re
2074 3026 2097 3061 ,
2142 3003 2187 3043 a
2223 3000 2494 3068 quonam

563 3094 1040 3161 administntur
1099 3096 1474 3185 baptismus,
1532 3097 1717 3163 modo
1744 3098 1889 3183 fiat
1936 3103 2186 3161 nomine
2238 3106 2497 3159 sanctae

625 3408 706 3477 (1)
739 3410 815 3461 De
838 3408 980 3476 bapt.
1017 3410 1125 3461 Lib.
1157 3411 1244 3461 VI.
1280 3412 1306 3478 5
1343 3412 1433 3465 37.

626 3493 706 3560 (2)
740 3491 872 3546 naid.
904 3491 1013 3541 Lib.
1041 3491 1194 3559 V1.¹5
1229 3494 1319 3543 66.

621 3576 706 3643 (3)
739 3574 873 3627 lhid.
911 3574 1020 3626 Lib.
1059 3575 1160 3629 111.
1194 3576 1217 3643 5
1251 3576 1343 3629 20.

621 3659 702 3727 (4)
736 3663 796 3713 c.
827 3661 1064 3711 Crescon-
1097 3660 1205 3712 Lib.
1243 3661 1288 3713 1.
1325 3662 1351 3728 5
1382 3662 1475 3715 33.

625 3744 706 3811 (5)
739 3744 814 3795 De
849 3742 988 3808 bapt.
1021 3741 1130 3794 Lib.
1171 3742 1286 3795 vn.
1325 3744 1351 3810 5
1389 3744 1479 3799 37.

627 3830 707 3893 (6)
742 3826 874 3879 und.
914 3826 1022 3879 Lib.
1057 3828 1174 3880 vn.
1212 3828 1238 3894 5
1271 3826 1359 3880 87.
1397 3878 1406 3884 .

594 3980 598 3989 ¹
627 3910 709 3979 (7)
743 3912 876 3963 Ibid.
909 3912 1018 3962 Lib.
1051 3913 1143 3965 VI.
1186 3912 1209 3979 5
1243 3912 1334 3967 37.
2020 3952 2027 3964 .

633 3996 717 4063 (8)
748 3997 823 4047 De
872 3995 1016 4063 bapt.
1066 3997 1176 4049 Lib.
1223 3998 1272 4049 1.
1321 3998 1348 4065 5
1397 3997 1430 4047 7
1477 4014 1527 4049 ο.
1582 3999 1689 4053 litt.
1738 3999 1893 4052 rutil.
1946 4000 2057 4053 ub.
2098 4000 2144 4052 1.
2182 4000 2208 4066 5
2252 3998 2314 4049 1³
2364 4012 2508 4062 seqq.

758 4095 807 4130 ο.
840 4081 1080 4134 ereccon.
1118 4080 1230 4134 tib.
1258 4080 1347 4133 lv.
1386 4080 1412 4146 5
1447 4082 1485 4132 6
1516 4086 1623 4136 cet.
