2917 4967
1354 392 1441 463 21

431 635 602 698 viros
651 602 1010 721 primarios,
1061 628 1287 717 quibus
1321 648 1430 691 eos
1462 625 1753 689 hortatur
1766 671 1785 705 ‚
1820 639 1893 688 ut
1929 626 1996 688 in
2022 627 2346 692 veritatem

429 752 746 839 inquirant
762 798 780 831 ,
814 769 1046 835 eosque
1076 745 1156 811 ad
1185 743 1591 810 collationem
1620 742 1844 806 invitat
1870 740 1989 830 (1).

1327 984 1362 1057 s
1404 958 1468 1040 '1-

510 1218 796 1291 Primum
851 1219 920 1281 in
972 1215 1218 1303 prolixa
1273 1214 1655 1301 scriptorum
1711 1223 1935 1273 contra
1986 1209 2346 1275 Donatistas

422 1336 580 1399 serie
618 1335 834 1398 locum
881 1348 1155 1420 occupat
1187 1351 1465 1394 rsusms
1496 1348 1745 1392 coi-triu
1782 1348 2035 1389 numu
2081 1348 2341 1391 noun-1.

425 1450 688 1540 Scripsit
708 1453 878 1515 hunc
896 1449 1214 1513 Psalmum
1241 1470 1407 1511 anno
1431 1444 1557 1531 393
1572 1492 1590 1526 ,
1621 1420 1813 1532 paulo
1835 1458 1980 1531 post
1994 1458 2352 1531 susceptum

425 1568 797 1656 presbyterii
827 1589 1052 1630 munus
1067 1614 1084 1647 ,
1117 1587 1199 1629 eo
1222 1564 1487 1628 consilio
1508 1609 1525 1644 ‚
1562 1578 1637 1625 ut
1663 1561 1842 1649 plebs
1866 1582 2119 1625 causam
2131 1562 2351 1625 Dona-

425 1684 712 1746 tistarum
743 1684 1062 1771 cognitam
1089 1676 1352 1746 haberet
1383 1696 1448 1745 ct
1480 1679 1785 1743 memoria
1818 1694 2061 1743 teneret
2094 1663 2183 1767 (α)
2196 1727 2211 1744 .
2273 1678 2345 1745 In

422 1801 709 1887 strophas
742 1799 972 1863 divisus
1003 1816 1096 1864 est
1114 1848 1131 1881 ,
1171 1822 1436 1887 quarum
1469 1796 1747 1887 singulae
1774 1796 1855 1859 ab
1890 1796 2011 1859 alia
2038 1796 2350 1883 incipiunt

420 1916 604 1981 litera
621 1916 982 1981 'secundum
1028 1916 1316 1981 ordinem
1366 1897 1834 2003 alphabeticum
1848 1961 1867 1995 ‚
1912 1912 2081 1978 unde
2129 1913 2346 1978 abece-
2396 1940 2403 1951 ·

421 2034 640 2099 darius
692 2032 897 2098 dictus
939 2050 1054 2099 est.
1139 2032 1246 2097 Ad
1284 2031 1478 2097 finem
1520 2029 1907 2121 singularum
1940 2032 2347 2119 'stropharum

419 2151 616 2215 verba
637 2142 1006 2239 repetuntur
1021 2174 1056 2222 z,
1083 2150 1342 2229 Omnes,
1367 2157 1478 2239 qui
1497 2151 1791 2238 gaudetis
1824 2149 1905 2213 de
1932 2172 2099 2238 pace
2109 2195 2130 2228 ‚
2164 2147 2347 2211 modo

419 2291 624 2333 verum
651 2269 960 2355 judicate.
1053 2267 1333 2332 Mettum
1380 2284 1592 2331 autem
1634 2248 1907 2358 neglexit
1922 2314 1941 2349 ,
1976 2290 2057 2331 ne
2088 2288 2344 2355 cogere-

417 2401 523 2450 tur
550 2386 760 2449 verbis
789 2386 884 2449 uti
901 2433 920 2469 ‚
969 2408 1130 2471 quae
1161 2385 1339 2472 plebs
1369 2406 1501 2446 non
1530 2373 1931 2472 intelligeret.
2004 2383 2343 2471 Epilogum
2392 2420 2399 2425 -

420 2472 663 2564 addidit
679 2548 698 2581 ,
767 2524 894 2587 quo
943 2516 1210 2566 matrem
1251 2500 1601 2563 Ecclesiam
1628 2500 1987 2578 Donatistas
2024 2499 2343 2585 alloquen-

417 2631 549 2680 tem
570 2615 838 2679 inducit.
865 2654 950 2667 -
965 2616 1198 2679 Psalmi
1230 2631 1668 2704 argumentum
1695 2630 1977 2679 versatur
1994 2616 2059 2678 in
2080 2616 2341 2680 historia

417 2728 764 2797 schismatis
788 2730 1092 2797 tradenda
1117 2748 1182 2796 et
1212 2734 1280 2796 in
1307 2733 1687 2821 argumentis
1720 2748 1942 2796 contra
1964 2730 2123 2795 illud
2148 2754 2338 2821 expo-

417 2848 662 2914 nendis.
679 2826 764 2897 -ss-
780 2850 923 2914 Hoc
953 2865 1164 2914 autem
1191 2849 1565 2937 opusculum
1596 2849 1861 2914 consilio
1883 2850 2055 2937 pacis
2087 2865 2153 2913 et
2183 2850 2340 2913 cari-

414 2968 560 3031 tatis
607 2964 1029 3031 restituendae
1045 3014 1064 3048 ,
1115 2964 1289 3054 quod
1319 2982 1543 3030 auctor
1570 2989 1724 3055 prae
1754 2990 1819 3030 se
1848 2966 2002 3048 fert,
2052 2990 2184 3059 non
2210 2989 2337 3031 res-

415 3082 708 3172 pondisse
758 3106 833 3147 ac
885 3082 1213 3173 indignum
1247 3106 1377 3147 esse
1407 3082 1761 3172 Augustino
1785 3082 2031 3168 judicat
2058 3107 2333 3149 summus
2428 3108 2432 3115 ·

415 3224 792 3266 sonnonem
820 3198 948 3289 (3),
999 3223 1276 3288 quocum
1305 3200 1576 3265 libenter
1597 3201 1882 3266 facimus.

503 3319 747 3384 Eodem
792 3319 924 3383 fere
982 3334 1266 3406 tempore
1327 3317 1497 3407 (post
1544 3318 1861 3383 Psalmum
1904 3321 2072 3383 enim
2129 3321 2212 3403 ab
2256 3342 2335 3385 eo

416 3454 803 3503 memoratur
827 3437 894 3500 in
929 3436 1105 3501 libris
1135 3434 1513 3524 Retractat.)
1546 3436 1780 3502 librum
1810 3438 2055 3527 scripsit
2084 3418 2333 3503 comiu

413 3576 766 3618 mmmmm
792 3576 1031 3619 nolum
1049 3600 1068 3636 ,
1117 3554 1226 3639 qui
1254 3553 1460 3641 periit.
1555 3553 1626 3615 In
1655 3576 1733 3617 eo
1768 3554 2137 3619 sententiam
2162 3554 2327 3619 refu-

472 3873 552 3940 (1)
586 3873 664 3923 Cf.
702 3872 954 3933 Pus-,itlius
990 3874 1030 3925 l.
1067 3889 1116 3922 c.
1151 3888 1202 3925 c.
1239 3874 1305 3933 9,
1344 3871 1408 3923 10
1437 3873 1493 3923 et
1532 3872 1614 3923 12.

469 3958 554 4025 (2)
587 3960 801 4023 August.
839 3960 1063 4009 Reti-not.
1095 3957 1205 4011 Lib.
1249 3959 1296 4009 1.
1333 3974 1382 4009 c.
1416 3957 1505 4009 20.

465 4042 547 4109 (3)
582 4044 676 4109 Op.
713 4044 752 4095 Ι.
785 4042 840 4093 Τ.
875 4042 946 4093 11
981 4058 1035 4109 p.
1069 4040 1172 4092 4⁰8
1203 4044 1257 4092 et
1283 4042 1337 4093 9.
1370 4041 1430 4092 31⁹.
1468 4040 1555 4091 XV
1586 4056 1641 4105 p.
1680 4039 1799 4091 ³21.
