2917 4967
1486 344 1578 417 82

577 603 834 679 propter
877 586 1184 673 justitiam
1223 583 1721 673 persecutionem
1768 584 2043 671 patiatur
2083 586 2239 671 quis.
2294 664 2301 671 ‚
2348 584 2497 649 Non

583 706 754 773 enim
785 700 1224 771 tantummodo
1251 698 1480 765 dicitur
1508 700 1729 765 beatos
1764 722 1896 766 esse
1916 748 1936 784 ,
1986 703 2097 789 qui
2124 704 2499 790 persecutio-

579 844 728 891 nem
767 822 1122 911 patiantur,
1169 816 1282 885 sed
1324 814 1573 883 additur
1608 824 1873 907 propter
1900 822 2244 906 justitiam.
2357 822 2500 885 Hoc

580 961 734 1007 vero
765 936 893 1003 dici
917 960 1048 1001 non
1071 948 1278 1023 potest
1311 932 1392 999 de
1422 934 1789 1001 Donatistis.
1865 934 1965 999 Illi
1996 936 2165 1001 enim
2194 960 2315 1025 pro
2350 938 2499 1027 ipsis

585 1056 708 1121 suis
758 1051 1138 1121 facinoribus
1187 1049 1615 1137 sceleratoque
1670 1051 2003 1117 schismate
2054 1052 2225 1119 mala
2262 1054 2505 1143 patiun-

587 1186 693 1237 tur
717 1168 830 1258 (1).
895 1168 1044 1236 Non
1065 1168 1234 1235 enim
1263 1182 1331 1233 et
1356 1167 1671 1233 Catholici
1685 1169 1835 1253 justi
1860 1166 2113 1233 dicendi
2136 1186 2281 1235 sunt
2298 1217 2319 1252 ,
2351 1192 2504 1257 quo·

587 1288 758 1363 niam
783 1301 914 1353 tam
933 1285 1129 1351 multa
1157 1300 1223 1350 et
1255 1306 1481 1375 niagna
1504 1283 1673 1349 mala
1702 1306 1741 1349 a
1764 1284 2011 1351 furiosis
2038 1285 2281 1351 clericis
2302 1302 2366 1351 et
2388 1287 2504 1351 cir·

584 1401 1104 1474 cumcellionibus
1119 1402 1314 1491 partis
1326 1401 1561 1467 Donati
1577 1402 1930 1490 patiuntur,
1950 1400 2061 1467 sed
2078 1406 2374 1491 quoniam
2386 1405 2505 1471 ista

583 1542 704 1608 pro
731 1519 1080 1583 Christiana
1101 1519 1362 1583 veritate
1378 1566 1399 1601 ,
1423 1540 1543 1607 pro
1570 1519 1803 1583 Christi
1828 1542 1989 1608 pace
2004 1567 2025 1602 ,
2050 1544 2169 1609 pro
2187 1522 2506 1587 Ecclesiae

583 1638 822 1704 unitate
873 1636 1147 1725 perpessi
1191 1650 1358 1701 sunt.
1439 1626 1607 1701 »Aut
1654 1638 2011 1725 persecutio
2056 1660 2188 1704 non
2236 1640 2438 1705 omnis
2451 1639 2505 1721 ‚⁹⁹

583 1754 820 1841 inquit,
867 1755 1118 1840 »injusta
1149 1768 1243 1817 est
1260 1800 1280 1835 ‚
1323 1768 1431 1818 aut
1478 1776 1613 1817 non
1655 1768 1751 1818 est
1786 1755 2142 1843 persecutio
2197 1754 2465 1821 dicenda
2484 1804 2503 1839 ‚

587 1894 732 1939 cum
775 1873 938 1959 justa
993 1886 1088 1937 est
1117 1869 1269 1959 (2).”
1361 1870 1523 1934 Cum
1572 1892 1729 1935 vero
1784 1870 2155 1937 Donatistae
2198 1874 2389 1939 etiam
2430 1896 2507 1939 ex

587 1988 877 2077 Apostoli
902 1986 1094 2051 effato
1121 1986 1186 2075 (2
1210 1985 1375 2051 Tim.
1415 1987 1527 2053 ΠΙ.
1572 1986 1709 2075 12):
1743 2011 1989 2070 omnes,
2022 1998 2132 2079 qui
2156 1997 2227 2054 in
2265 1990 2509 2057 Christo

573 2114 688 2193 pie
727 2112 923 2171 vivete
958 2105 1196 2187 volunt,
1222 2112 1689 2193 persecutiones
1712 2114 2051 2194 patiantur
2082 2130 2333 2173 necesse
2372 2121 2501 2190 est,

584 2223 856 2311 probare
879 2222 1110 2287 vellent
1126 2270 1147 2304 ‚
1199 2221 1702 2311 persecutionem
1726 2222 1857 2311 pati
1888 2222 2197 2289 indicium
2228 2247 2359 2290 esse
2385 2225 2511 2291 vir-

587 2340 736 2405 tutis
793 2362 868 2405 ac
919 2340 1200 2429 pietatis,
1261 2337 1605 2429 respondet
1644 2338 2055 2429 Augustinus:
2114 2364 2248 2407 non
2287 2340 2511 2409 dixisse

590 2456 970 2547 Apostolum
999 2480 1249 2522 neeesse
1276 2468 1406 2538 est,
1455 2454 1568 2521 sed
1598 2480 1810 2521 omnes
1827 2464 2186 2545 patientur:
2216 2475 2280 2524 at
2304 2460 2515 2525 Dona-

590 2575 766 2643 tistas
799 2574 876 2639 iis
909 2596 1044 2641 non
1077 2598 1208 2641 esse
1247 2571 1671 2644 accensendos
1684 2621 1703 2655 ‚
1753 2574 1983 2663 quippe
2017 2576 2126 2663 qui
2160 2576 2514 2667 exemplum

481 2772 490 2781 .
590 2690 914 2779 Apostoli,
943 2691 1408 2779 persecutiones
1425 2689 1778 2780 effugientis
1793 2738 1812 2773 ‚
1842 2714 1973 2757 non
1998 2708 2357 2781 sequantur.
2426 2692 2515 2757 At

594 2830 748 2875 vero
779 2809 831 2873 si
854 2808 958 2873 vel
984 2806 1366 2875 concedatur
1389 2822 1565 2873 recte
1591 2830 1703 2873 eos
1730 2808 2079 2899 intelligere
2102 2812 2335 2893 verba,
2366 2811 2517 2877 inde

591 2925 798 3012 sequi,
859 2925 1218 2990 Donatistas
1235 2972 1255 3007 ,
1318 2926 1428 3013 qui
1487 2941 1789 3017 regnante
1834 2926 2222 3015 Imperatore
2260 2929 2509 2995 Iuliano

589 3041 858 3107 vixerint
872 3088 894 3123 ,
943 3041 1136 3129 impie
1181 3041 1404 3107 vixisse
1419 3090 1438 3124 ,
1490 3066 1639 3107 cum
1680 3043 2142 3131 persecutiones
2188 3066 2321 3107 non
2348 3046 2511 3133 passi

590 3159 734 3223 sint.
826 3156 1203 3245 Apostolum
1235 3173 1448 3223 autem
1477 3159 1672 3224 talem
1686 3207 1705 3241 ‚
1738 3159 1986 3246 qualem
2008 3158 2131 3223 sibi
2154 3158 2513 3248 fingebant,

590 3274 1090 3364 persecutionem
1115 3296 1248 3339 non
1277 3274 1648 3341 intellexisse
1666 3322 1685 3357 ‚
1714 3273 1826 3339 sed
1850 3282 2279 3356 tentationem,
2325 3298 2515 3365 quam

590 3414 804 3457 omnes·
866 3390 1011 3454 boni
1077 3396 1488 3477 experiuntur·
1507 3438 1526 3471 ‚
1596 3398 1727 3455 sive
1788 3390 1971 3456 rebus
2016 3391 2295 3457 adversis
2313 3439 2332 3475 ,
2388 3400 2522 3459 sive

575 3515 898 3597 prosperis
926 3505 1039 3596 (3).

647 3839 726 3907 (1)
761 3840 822 3895 c.
855 3839 962 3891 nu.
998 3822 1150 3889 retu.
1188 3835 1293 3887 tu».
1327 3836 1400 3887 11.
1435 3836 1461 3902 ς
1498 3836 1615 3891 100.

651 3922 730 3991 (2)
763 3922 843 3974 Ad
870 3922 1055 3973 Donat.
1087 3937 1140 3987 p.
1174 3919 1305 3971 eon.
1341 3919 1365 3986 ς
1402 3919 1491 3969 23.

646 4006 726 4072 (s)
761 4008 820 4061 c.
859 4005 1111 4059 Gaudent.
1149 4002 1256 4056 tu».
1294 4002 1339 4053 1.
1374 4002 1399 4069 ς
1432 4001 1522 4057 24.
