2917 4967
1331 404 1422 477 71

497 647 602 711 Ab
643 647 763 709 hac
812 658 1022 708 autem
1073 640 1382 707 sentiendi
1411 644 1661 708 ratione
1704 642 1984 711 discessit
2014 648 2332 717 Ecclesiae

412 763 748 830 Africanae
768 784 910 850 pars
930 761 1259 825 Catholica
1279 761 1654 826 auctoritate
1676 762 1960 851 inprimis
1978 766 2328 855 Augustini.

416 881 780 971 Aegeu-ime
807 879 976 945 enim
1000 877 1110 943 ille
1137 878 1380 944 ferebat
1397 926 1415 960 ‚
1447 877 1621 965 quod
1653 880 2021 967 Donatistae
2051 906 2159 948 eos
2173 933 2192 967 ‚
2231 886 2338 972 qui

405 1000 632 1087 jamin
655 997 936 1063 Ecclesia
966 996 1293 1061 Catholica
1326 981 1622 1085 baptizati
1654 1014 1857 1063 essent
1875 1047 1893 1080 ‚
1940 1000 2169 1066 iterum
2190 1004 2340 1091 bap-

417 1118 678 1183 tizarent
727 1114 847 1204 (1).
938 1113 1256 1195 Accessit,
1313 1128 1385 1177 ut
1430 1130 1750 1179 externam
1788 1117 1981 1203 partis
2014 1140 2160 1184 suae
2196 1142 2344 1183 cum

416 1235 638 1301 ceteris
701 1231 998 1313 Ecclesiis
1054 1228 1563 1295 occidentalibus
1614 1234 2129 1300 communionem
2176 1236 2342 1299 tueri

417 1369 627 1442 posset
641 1400 660 1435 ,
719 1352 779 1415 ei
819 1373 976 1438 opus
1017 1348 1205 1413 fuisse
1223 1396 1242 1431 ‚
1304 1360 1375 1413 ut
1417 1350 1609 1414 etiam
1647 1348 1727 1415 de
1779 1351 2090 1440 baptismo
2134 1354 2347 1420 haere-

417 1469 694 1535 ticorum
741 1468 819 1531 iis
879 1467 1297 1547 consentiret3
1355 1488 1483 1553 quo
1539 1467 1773 1531 factum
1832 1484 1926 1533 est
1944 1517 1962 1551 ‚
2026 1487 2100 1535 ut
2150 1474 2349 1563 gravis

419 1584 850 1671 controversia
883 1583 1300 1673 Augustinum
1333 1584 1500 1649 inter
1532 1599 1600 1649 et
1636 1585 1993 1655 Donatistas
2019 1590 2249 1679 agitata
2268 1593 2350 1655 sit

420 1699 504 1767 de
537 1700 856 1789 baptismi,
890 1715 1080 1767 extra
1105 1724 1313 1766 veram
1345 1702 1700 1767 Ecclesiam
1737 1703 2162 1771 administrati
2175 1755 2196 1788 ,
2234 1732 2349 1772 usu

423 1833 493 1885 et
512 1818 911 1909 qfficacitate.

1315 2060 1458 2134 52.

877 2318 882 2329 ¹
966 2290 1446 2355 Donati-mnam
1485 2298 1816 2354 sententia.

511 2523 878 2588 Donatistae
893 2568 914 2602 ‚
961 2536 1035 2584 ut
1062 2542 1260 2583 unam
1284 2540 1499 2583 veram
1524 2519 1872 2584 Ecclesiam
1886 2568 1905 2603 ,
1954 2524 2044 2587 ita
2074 2538 2141 2586 et
2160 2544 2356 2587 unum

427 2635 868 2703 tantummodo
904 2636 1284 2725 baptismum
1323 2656 1456 2699 ωε
1502 2636 1877 2701 statuebant.
1970 2640 2357 2729 Baptismum

434 2757 605 2823 enim
625 2755 844 2820 intime
865 2755 1274 2839 conjunctum
1292 2772 1422 2815 esse
1443 2731 1587 2816 cum
1601 2752 1903 2819 Ecclesia.
1937 2756 2127 2819 Extra
2143 2779 2357 2821 veram

435 2872 785 2937 Ecclesiam
820 2870 1204 2957 baptismum
1252 2890 1384 2933 non
1431 2870 1717 2957 reperiri.
1809 2872 1999 2937 Extra
2034 2897 2174 2938 eam
2205 2898 2357 2940 vero

439 3013 588 3055 cum
621 3011 755 3065 non
789 2988 901 3070 sit,
955 2987 1146 3052 etiam
1187 2986 1278 3050 ibi
1303 2985 1469 3049 tradi
1494 3009 1626 3050 non
1656 3010 1863 3076 posse.
1956 2991 2123 3056 Hinc
2151 3007 2359 3057 autem

435 3121 642 3197 patet,
683 3127 792 3171 eos
829 3104 1072 3169 nullum
1103 3126 1284 3167 usum
1309 3102 1671 3189 nullamque
1702 3104 2047 3171 efficaciam
2072 3109 2359 3175 tribuisse

436 3224 750 3312 baptismo
811 3238 986 3287 extra
1042 3244 1256 3286 veram
1313 3220 1663 3284 Ecclesiam
1720 3237 1983 3309 accepto
2002 3271 2021 3305 ‚
2095 3248 2361 3313 eumque
2450 3300 2455 3311 Ι

439 3343 612 3431 quasi
641 3364 776 3406 non
808 3338 1304 3405 administratum
1321 3386 1341 3420 ,
1393 3332 1837 3404 considerasse.

531 3460 752 3525 Omnis
779 3481 1005 3525 eorum
1029 3456 1488 3547 argumentatio
1510 3456 1829 3545 principio
1852 3457 2169 3523 nitebatur
2192 3460 2365 3525 hisce

498 3758 579 3825 (1)
610 3756 767 3821 Quam
802 3750 1071 3816 aegerrime
1103 3748 1156 3797 id
1187 3747 1368 3799 tulerit
1385 3782 1401 3810 ‚
1437 3751 1583 3814 patet
1613 3760 1675 3797 ex
1706 3747 1798 3807 ils,
1838 3762 1970 3811 quac
1988 3749 2193 3815 scrip-it
2221 3752 2381 3817 Epist.

624 3840 714 3889 23.
753 3835 778 3901 ς
806 3836 859 3885 2.
916 3831 1386 3901 »Rebaptisaro,’'
1419 3830 1525 3891 ait,
1568 3830 1927 3881 »haereticum
1963 3832 2251 3895 hominem,
2288 3838 2380 3899 qui

621 3924 750 3975 bueo
799 3918 1094 3970 Sanctitatis
1145 3916 1287 3981 signa
1330 3915 1614 3981 perceperit
1631 3947 1647 3974 ‚
1700 3924 1831 3977 qnae
1858 3915 2140 3968 elui-tiana
2174 3918 2381 3979 tradidit

625 4003 891 4069 disciplina
907 3990 940 4063 ,’
955 4002 1160 4051 omnino
1196 4001 1462 4065 peccatum
1498 4000 1607 4055 est,
1648 3996 1955 4061 rebaptizare
1992 4007 2159 4050 antem
2190 4002 2379 4052 catho-

625 4084 785 4135 liomn
813 4082 1216 4135 immanissimum
1250 4085 1330 4131 est
1367 4080 1595 4131 πώποθ’
