2917 4967
1399 346 1491 419 89

486 584 799 647 neminem
822 578 1116 668 compelli
1133 600 1315 667 posse
1333 626 1351 660 ,
1383 576 1665 643 coerceri
1682 592 1892 643 tamen
1913 578 2176 662 malum,
2209 595 2393 669 atque

481 699 803 762 hominem
851 694 931 761 ad
975 696 1424 783 poenitentiam
1464 692 1630 759 duci.
1724 692 2146 782 »Numquid,'’
2193 696 2395 783 inquit

483 816 854 905 Augustinus
869 862 886 896 ,
943 814 1124 899 »quia
1175 834 1382 875 mores
1443 812 1665 900 optimi
1718 811 2002 876 libertate
2060 811 2396 877 voluntatis

484 932 789 1021 eliguntur
805 979 823 1013 ,
886 930 1032 995 ideo
1090 952 1296 993 mores
1351 929 1602 1016 pessimi
1659 951 1791 993 non
1838 928 1991 1019 legis
2042 929 2395 1019 integritate

484 1047 864 1136 puniuntur?
933 1044 1059 1110 Sed
1099 1060 1310 1109 tamen
1347 1038 1509 1109 male
1555 1043 1807 1109 vivendi
1846 1045 2034 1110 ultrix
2074 1044 2401 1135 disciplina

483 1181 892 1253 praepostera·
949 1178 1043 1227 est
1056 1210 1073 1244 ,
1140 1162 1258 1227 nisi
1313 1185 1457 1225 cum
1507 1160 1889 1250 praecedens
1929 1162 2091 1227 bene
2151 1162 2400 1228 vivendi

485 1278 772 1345 doctrina
794 1280 1235 1344 contemnitur.
1299 1278 1366 1341 Si
1395 1301 1553 1365 quae
1574 1279 1763 1367 igitur
1784 1254 2077 1344 adversus
2096 1302 2209 1343 vos
2235 1279 2402 1371 leges

485 1400 856 1463 constitutae
898 1412 1040 1461 sunt
1056 1443 1075 1478 ‚
1123 1419 1255 1467 non
1307 1396 1395 1459 eis
1441 1397 1607 1459 bene
1651 1394 1859 1461 facere
1910 1397 2243 1485 cogimini,
2290 1397 2404 1463 sed

484 1516 646 1580 male
676 1516 884 1580 facere
921 1513 1365 1603 prohibemini.
1457 1512 1621 1577 Nam
1654 1513 1815 1577 bene
1841 1511 2047 1595 facere
2071 1536 2260 1597 nemo
2290 1539 2403 1605 po-

486 1648 608 1696 test
621 1679 639 1713 ,
688 1632 806 1695 nisi
853 1632 1111 1721 elegerit
1125 1678 1144 1713 ,
1199 1631 1318 1695 nisi
1363 1629 1664 1714 amaverit
1678 1678 1697 1713 ‚
1748 1627 1919 1717 quod
1954 1646 2047 1695 est
2086 1632 2155 1693 in
2202 1631 2402 1697 libera

483 1747 836 1812 voluntate:
869 1747 1062 1811 timor
1091 1761 1296 1811 autem
1320 1769 1693 1836 poenarum,
1730 1761 1795 1811 et
1818 1748 1871 1810 si
1900 1744 2183 1840 nondum
2214 1747 2404 1813 habet

487 1863 967 1931 delectationem
1000 1867 1204 1931 bonae
1229 1865 1647 1929 conscientiae
1666 1913 1684 1947 ,
1710 1865 1933 1929 saltem
1949 1866 2117 1929 intra
2138 1866 2403 1931 claustra

427 2044 433 2053 ,
488 1964 882 2072 cogitationis
917 1988 1172 2047 coercet
1197 1983 1427 2047 malam
1459 1981 1896 2072 cupiditatem”
1934 1982 2047 2071 (1).

570 2100 763 2190 Leges
778 2123 930 2165 vero
949 2122 1081 2165 non
1102 2099 1387 2165 auferunt
1407 2100 1680 2164 liberum
1702 2100 2026 2165 arbitrium
2042 2098 2403 2188 »Quidquid

487 2215 734 2304 (enim)'’
762 2212 964 2303 inquit
979 2265 997 2299 ,
1028 2218 1258 2281 »homo
1287 2215 1514 2280 durum
1540 2232 1603 2281 et
1633 2216 1965 2282 molestum
1994 2218 2229 2305 patitur
2241 2244 2263 2301 ,·
2298 2216 2403 2281 ad-

483 2348 778 2397 monetur
815 2349 888 2395 ut
933 2333 1168 2421 cogitet
1182 2380 1199 2414 ,
1248 2354 1442 2419 quare
1479 2334 1783 2420 patiatur3
1829 2348 1901 2396 ut
1933 2334 1985 2396 si
2023 2356 2143 2421 pro
2165 2336 2401 2420 justitia

484 2472 550 2513 se
586 2450 714 2537 pati
747 2450 1131 2537 perspexerit
1144 2496 1163 2530 ,
1210 2447 1279 2511 id
1310 2449 1515 2536 ipsum
1552 2450 1791 2513 bonum
1818 2449 2005 2537 eligat
2028 2473 2147 2537 pro
2165 2451 2403 2535 justitia

484 2566 634 2630 talia
659 2558 993 2647 sustinere}
1021 2566 1073 2629 si
1104 2580 1310 2629 autem
1334 2562 1560 2629 viderit
1575 2613 1592 2648 ,
1641 2566 2035 2653 iniquitatem
2066 2590 2197 2633 esse
2212 2615 2229 2649 ,
2278 2591 2397 2657 pro

485 2706 608 2770 qua
638 2684 875 2772 patitur
889 2730 908 2765 ,
952 2706 1016 2747 se
1041 2680 1593 2750 infructuosissime
1612 2683 1901 2749 laborare
1928 2700 2110 2771 atque
2133 2688 2398 2751 cruciari

486 2798 886 2865 considerans
900 2848 919 2882 ,
965 2816 1164 2865 mutet
1209 2801 1275 2864 in
1307 2800 1526 2865 melius
1559 2801 1944 2866 voluntatem
1972 2803 2276 2891 simulque
2303 2827 2401 2870 ca-

483 2932 620 2981 reat
647 2932 712 2981 et
738 2917 1021 2981 molestia
1047 2917 1276 2999 sterili,
1311 2934 1376 2981 et
1406 2918 1542 3005 ipsa
1566 2919 1890 3005 iniquitate
1901 2968 1928 3015 ,²
1956 2920 2156 2985 multo
2183 2923 2396 3009 utique

485 3036 726 3124 gravius
769 3050 835 3099 et
869 3035 1277 3123 perniciosius
1321 3034 1639 3100 nocitura”
1672 3036 1785 3125 (2).
1878 3038 1945 3101 Si
1980 3036 2134 3104 vero
2164 3039 2400 3130 legibus

485 3175 613 3216 non
633 3168 1111 3240 compescantur
1130 3154 1294 3217 mala
1307 3201 1324 3235 ,
1357 3154 1649 3219 »habenis
1671 3155 1885 3219 laxatis
1907 3172 2093 3243 atque
2111 3156 2396 3241 dimissiS,

484 3270 795 3335 humanae
833 3270 1122 3335 licentiae
1155 3271 1465 3358 impunita
1503 3287 1765 3359 peccata
1803 3274 2015 3337 omnia
2056 3274 2402 3361 relinquan-

489 3401 624 3467 tur,
671 3386 855 3451 nullis
887 3389 1192 3476 oppositis
1231 3388 1539 3477 repagulis
1566 3387 1773 3478 legum
1791 3437 1810 3471 ,
1837 3389 2110 3455 nocendi
2145 3389 2403 3455 audacia

489 3518 554 3567 et
577 3503 939 3569 lasciviendi
966 3504 1170 3570 libido
1193 3506 1535 3569 bacchetur
1551 3553 1569 3587 ,
1607 3529 1738 3569 non
1766 3529 1878 3571 rex
1900 3528 2078 3570 suum
2100 3530 2359 3596 regnum
2374 3554 2395 3589 ‚

489 3643 620 3685 non
652 3619 1069 3701 dux‚militem
1086 3668 1105 3702 ,
1150 3643 1282 3685 non
1310 3621 1761 3709 provincialem
1779 3620 1970 3707 judex
1984 3671 2002 3705 ,
2051 3646 2181 3688 non
2204 3622 2401 3689 domi-

543 3921 622 3985 (1)
657 3922 716 3976 C.
750 3919 902 3971 Petu.
933 3918 1042 3969 Lib.
1071 3917 1122 3967 11
1160 3917 1184 3984 ς
1220 3915 1335 3967 18⁴.
1390 3918 1469 3971 Cf.
1504 3920 1559 3969 et
1593 3934 1639 3970 c.
1670 3919 1831 3971 Gaud·
1867 3918 1974 3971 tib.
2006 3922 2032 3969 1
2076 3920 2209 3987 54³.

547 4002 625 4070 (2)
659 4005 718 4055 C.
748 4002 858 4061 litt.
895 4001 1047 4053 retu.
1085 3999 1193 4054 tib.
1235 4001 1288 4050 11
1318 3999 1344 4067 ς
1379 4000 1494 4053 186.
