2917 4967
1351 395 1444 470 69

426 647 635 698 autem
664 646 866 720 ,caput
903 630 1218 696 Christum
1255 652 1445 696 nemo
1489 631 1755 719 poterit,
1804 630 1923 695 nisi
1963 632 2070 719 qui
2111 634 2181 697 in
2212 636 2340 721 ejus

432 770 703 837 corpore
742 748 965 832 fuerit,
1024 745 1199 835 quod
1237 763 1331 813 est
1373 746 1685 813 Ecclesia”
1734 746 2019 836 (1).In
2065 749 2347 815 Ecclesia

428 886 581 931 vero
607 888 740 930 non
757 880 899 929 sunt
928 865 1320 953 »quicunque
1342 861 1421 929 de
1441 865 1581 954 ipso
1610 865 1814 953 capite
1833 864 2153 954 scripturis
2177 888 2349 931 sanc-

431 981 510 1046 tis
531 982 960 1064 consentiunt,
999 995 1064 1046 et
1087 980 1314 1049 unitati
1336 980 1655 1047 Ecclesiae
1672 1002 1807 1045 non
1839 979 2307 1047 communicant
2320 1031 2339 1066 ,

433 1098 577 1186 quia
621 1094 702 1163 de
745 1098 974 1163 Christi
1015 1120 1286 1187 corpore
1303 1144 1323 1179 ,
1374 1096 1548 1185 quod
1568 1112 1664 1163 est
1685 1097 1967 1164 Ecclesia
1983 1145 2001 1181 ,
2050 1098 2130 1163 ab
2156 1098 2347 1188 ipsius

431 1214 659 1279 Christi
687 1214 1126 1280 testificatione
1158 1213 1559 1279 dissentiunt”
1594 1211 1712 1304 (α).

519 1330 760 1398 Exinde
785 1354 954 1396 nunc
987 1330 1198 1397 dicere
1222 1332 1462 1420 potuit:
1513 1330 1840 1421 »Quisquis
1864 1333 1945 1397 ab
1972 1333 2094 1397 hac
2120 1332 2350 1397 Catho-
2376 1332 2381 1343 '

431 1447 556 1513 lica
579 1448 862 1514 Ecclesia
881 1448 1071 1513 fuerit
1091 1463 1406 1537 separatus
1425 1495 1444 1531 ,
1482 1448 1937 1535 quantumlibet
1960 1445 2355 1515 laudabiliter

431 1587 499 1630 se
539 1566 747 1629 vivere
791 1565 1096 1629 existimet
1109 1612 1128 1647 ‚
1175 1566 1302 1629 hoc
1331 1565 1473 1629 solo
1512 1536 1785 1647 scelere,
1834 1562 2008 1653 quod
2049 1589 2088 1629 a
2124 1566 2355 1631 Christi

433 1681 672 1745 unitate
701 1678 1039 1765 disjunctus
1071 1696 1195 1764 est,
1243 1704 1379 1746 non
1405 1681 1664 1746 habebit
1692 1682 1917 1764 vitam3
1956 1680 2070 1747 sed
2117 1683 2212 1746 ira
2232 1682 2355 1748 Dei

435 1796 714 1862 manebit
761 1819 947 1886 super
994 1797 1170 1862 eum”
1221 1795 1312 1886 (3)
1325 1846 1340 1864 .
1453 1796 1717 1887 Spiritus
1761 1798 1931 1863 enim
1977 1797 2239 1863 Sanctus
2284 1822 2358 1864 ac

437 1914 661 1979 caritas
675 1964 693 1997 ‚
780 1937 1022 1979 summa
1097 1915 1381 1981 omnium
1468 1917 1662 1981 virtus
1676 1964 1695 1999 ‚
1785 1930 1957 1982 extra
2040 1916 2359 1983 Ecclesiae

433 2030 736 2097 unitatem
767 2054 901 2097 non
929 2048 1072 2097 sunt
1109 2030 1227 2122 (4).
1320 2033 1672 2121 Utrumque
1696 2034 1764 2098 in
1796 2034 1930 2100 sola
1957 2034 2197 2099 unitate
2229 2056 2361 2100 cus-

433 2148 674 2215 toditur
702 2148 822 2239 (5).
917 2149 1146 2215 Omnia
1185 2151 1375 2215 etiam
1410 2173 1605 2240 opera
1628 2151 1810 2215 nihili
1836 2165 2013 2234 sunt,
2060 2150 2179 2215 nisi
2205 2149 2360 2216 fiant

433 2290 548 2357 per
561 2268 883 2333 vinculum
898 2268 1283 2333 Christianae
1299 2267 1617 2333 societatis
1632 2283 1697 2333 et
1711 2268 1884 2356 pacis
1894 2268 2213 2333 Ecclesiae
2234 2266 2327 2357 (6)
2338 2317 2353 2333 .

435 2382 838 2475 Quapropter
873 2384 1078 2449 securi
1111 2398 1256 2448 sunt
1295 2383 1643 2466 Catholici,
1694 2384 1800 2470 qui
1824 2384 2031 2449 Deum
2063 2383 2317 2450 Patrem
2334 2430 2352 2467 ‚

333 2490 347 2505 ⁸
432 2500 779 2567 Ecclesiam
808 2514 1074 2565 matrem
1105 2499 1340 2564 habent
1373 2496 1491 2586 (7).

491 2862 574 2931 (1)
607 2862 739 2915 lbid.
782 2862 808 2930 ς
845 2859 935 2914 ⁴9.

493 2946 577 3015 (2)
610 2946 742 2997 lbid.
784 2946 808 3013 ς
846 2944 898 2997 7.

487 3029 570 3099 (3)
604 3030 695 3096 Ep.
739 3028 832 3079 141
872 3030 999 3094 opp.
1034 3031 1251 3094 August.
1291 3029 1350 3083 Τ.
1383 3026 1439 3079 11
1472 3045 1526 3096 p.
1564 3027 1685 3081 347.

493 3112 574 3179 (4)
608 3113 680 3163 De
713 3111 851 3179 bapt.
883 3112 989 3162 Lib.
1024 3112 1126 3161 111.
1162 3112 1188 3180 ς
1225 3112 1315 3165 21.
1353 3128 1402 3163 ο.
1443 3112 1551 3165 litt.
1583 3111 1736 3166 vetii.
1773 3111 1881 3165 Lib.
1918 3112 1969 3162 11
2007 3111 2032 3178 ς
2078 3111 2189 3162 126.

495 3196 577 3262 (5)
609 3196 666 3249 C.
707 3194 813 3248 litt.
847 3194 998 3245 Petu.
1035 3193 1141 3244 Lib.
1179 3195 1232 3245 11
1266 3194 1293 3261 ς
1334 3191 1450 3247 172.

492 3278 576 3347 (6)
607 3279 680 3328 De
715 3276 854 3344 bapt.
889 3276 997 3326 Lib.
1031 3276 1057 3325 1
1098 3275 1131 3342 §
1169 3277 1251 3326 10.

493 3359 576 3427 (7)
606 3360 664 3414 0.
700 3360 806 3414 litt.
842 3360 997 3417 rutil.
1037 3359 1143 3411 Lib.
1180 3360 1260 3411 111
1300 3358 1332 3425 5
1371 3359 1453 3411 10.
