<?xml version="1.0" encoding="UTF-8"?>
<!DOCTYPE html PUBLIC "-//W3C//DTD XHTML 1.0 Transitional//EN"
    "http://www.w3.org/TR/xhtml1/DTD/xhtml1-transitional.dtd">
<html xmlns="http://www.w3.org/1999/xhtml" xml:lang="en" lang="en">
 <head>
  <title>
</title>
<meta http-equiv="Content-Type" content="text/html;charset=utf-8" />
  <meta name='ocr-system' content='tesseract 3.04.00' />
  <meta name='ocr-capabilities' content='ocr_page ocr_carea ocr_par ocr_line ocrx_word'/>
</head>
<body>
  <div class='ocr_page' id='page_1' title='image "./deaurelioaugust00rouxgoog_0045.png"; bbox 0 0 2917 4967; ppageno 0'>
   <div class='ocr_carea' id='block_1_1' title="bbox 1374 427 1493 501">
    <p class='ocr_par' dir='ltr' id='par_1_1' title="bbox 1374 427 1493 501">
     <span class='ocr_line' id='line_1_1' title="bbox 1374 427 1493 501; baseline -0.017 0"><span class='ocrx_word' id='word_1_1' title='bbox 1374 427 1493 501; x_wconf 84' lang='lat'>25.</span> 
     </span>
    </p>
   </div>
   <div class='ocr_carea' id='block_1_2' title="bbox 383 658 2391 3996">
    <p class='ocr_par' dir='ltr' id='par_1_2' title="bbox 467 658 2379 987">
     <span class='ocr_line' id='line_1_2' title="bbox 468 658 2379 757; baseline -0.005 -20"><span class='ocrx_word' id='word_1_2' title='bbox 468 669 746 737; x_wconf 87' lang='lat' dir='ltr'>redirent</span> <span class='ocrx_word' id='word_1_3' title='bbox 771 688 917 757; x_wconf 75' lang='lat' dir='ltr'>cum</span> <span class='ocrx_word' id='word_1_4' title='bbox 933 661 1305 729; x_wconf 74' lang='lat' dir='ltr'>Catholicis:</span> <span class='ocrx_word' id='word_1_5' title='bbox 1337 661 1619 751; x_wconf 83' lang='lat' dir='ltr'>inprimis</span> <span class='ocrx_word' id='word_1_6' title='bbox 1642 658 1801 725; x_wconf 86' lang='lat' dir='ltr'>illud</span> <span class='ocrx_word' id='word_1_7' title='bbox 1815 708 1833 742; x_wconf 88' lang='lat'>,</span> <span class='ocrx_word' id='word_1_8' title='bbox 1864 662 2107 751; x_wconf 74' lang='lat' dir='ltr'>gravius</span> <span class='ocrx_word' id='word_1_9' title='bbox 2129 666 2379 751; x_wconf 89' lang='lat' dir='ltr'>peccari</span> 
     </span>
     <span class='ocr_line' id='line_1_3' title="bbox 470 777 2378 869; baseline -0.004 -15"><span class='ocrx_word' id='word_1_10' title='bbox 470 790 552 854; x_wconf 81' lang='lat' dir='ltr'>ab</span> <span class='ocrx_word' id='word_1_11' title='bbox 581 786 858 852; x_wconf 78' lang='lat' dir='ltr'>Ecclesia</span> <span class='ocrx_word' id='word_1_12' title='bbox 883 782 1210 847; x_wconf 82' lang='lat' dir='ltr'>Catholica</span> <span class='ocrx_word' id='word_1_13' title='bbox 1241 804 1311 846; x_wconf 89' lang='lat' dir='ltr'>se</span> <span class='ocrx_word' id='word_1_14' title='bbox 1331 777 1678 869; x_wconf 87' lang='lat' dir='ltr'>separando</span> <span class='ocrx_word' id='word_1_15' title='bbox 1696 826 1715 861; x_wconf 86' lang='lat'><strong>,</strong></span> <span class='ocrx_word' id='word_1_16' title='bbox 1746 801 1934 867; x_wconf 81' lang='lat' dir='ltr'>quam</span> <span class='ocrx_word' id='word_1_17' title='bbox 1960 777 2227 846; x_wconf 83' lang='lat' dir='ltr'>Codices</span> <span class='ocrx_word' id='word_1_18' title='bbox 2268 781 2378 847; x_wconf 89' lang='lat' dir='ltr'>Sa-</span> 
     </span>
     <span class='ocr_line' id='line_1_4' title="bbox 467 898 1280 987; baseline -0.009 -17"><span class='ocrx_word' id='word_1_19' title='bbox 467 928 608 970; x_wconf 88' lang='lat' dir='ltr'>cros</span> <span class='ocrx_word' id='word_1_20' title='bbox 637 900 945 967; x_wconf 88' lang='lat' dir='ltr'>tradendo</span> <span class='ocrx_word' id='word_1_21' title='bbox 976 898 1094 987; x_wconf 89' lang='lat'>(1).</span> <span class='ocrx_word' id='word_1_22' title='bbox 1275 981 1280 986; x_wconf 21' lang='grc' dir='ltr'>Ι</span> 
     </span>
    </p>

    <p class='ocr_par' dir='ltr' id='par_1_3' title="bbox 459 1013 2383 1463">
     <span class='ocr_line' id='line_1_5' title="bbox 549 1013 2383 1105; baseline -0.002 -20"><span class='ocrx_word' id='word_1_23' title='bbox 549 1022 727 1087; x_wconf 67' lang='lat' dir='ltr'>Dius</span> <span class='ocrx_word' id='word_1_24' title='bbox 765 1016 1044 1105; x_wconf 87' lang='lat' dir='ltr'>ejusdem</span> <span class='ocrx_word' id='word_1_25' title='bbox 1069 1014 1421 1105; x_wconf 81' lang='lat' dir='ltr'>argumenti</span> <span class='ocrx_word' id='word_1_26' title='bbox 1447 1035 1777 1078; x_wconf 71' lang='lat' dir='ltr'>nnsrous</span> <span class='ocrx_word' id='word_1_27' title='bbox 1799 1014 1969 1079; x_wconf 85' lang='lat' dir='ltr'>misit</span> <span class='ocrx_word' id='word_1_28' title='bbox 1993 1013 2074 1079; x_wconf 90' lang='lat' dir='ltr'>ad</span> <span class='ocrx_word' id='word_1_29' title='bbox 2099 1014 2383 1081; x_wconf 90' lang='lat' dir='ltr'>aliosDo-</span> 
     </span>
     <span class='ocr_line' id='line_1_6' title="bbox 464 1132 2383 1223; baseline -0.003 -19"><span class='ocrx_word' id='word_1_30' title='bbox 464 1140 745 1204; x_wconf 74' lang='lat' dir='ltr'>natistaS.</span> <span class='ocrx_word' id='word_1_31' title='bbox 840 1138 914 1201; x_wconf 88' lang='lat' dir='ltr'>In</span> <span class='ocrx_word' id='word_1_32' title='bbox 946 1135 1244 1201; x_wconf 87' lang='lat' dir='ltr'>alterutra</span> <span class='ocrx_word' id='word_1_33' title='bbox 1271 1133 1462 1197; x_wconf 87' lang='lat' dir='ltr'>etiam</span> <span class='ocrx_word' id='word_1_34' title='bbox 1492 1148 1925 1223; x_wconf 84' lang='lat' dir='ltr'><strong>argumentum</strong></span> <span class='ocrx_word' id='word_1_35' title='bbox 1952 1132 2135 1197; x_wconf 84' lang='lat' dir='ltr'>affert</span> <span class='ocrx_word' id='word_1_36' title='bbox 2168 1156 2204 1199; x_wconf 90' lang='lat' dir='ltr'>e</span> <span class='ocrx_word' id='word_1_37' title='bbox 2232 1157 2383 1200; x_wconf 89' lang='lat' dir='ltr'>con-</span> 
     </span>
     <span class='ocr_line' id='line_1_7' title="bbox 463 1249 2383 1343; baseline -0.002 -22"><span class='ocrx_word' id='word_1_38' title='bbox 463 1259 642 1321; x_wconf 84' lang='lat' dir='ltr'>tinua</span> <span class='ocrx_word' id='word_1_39' title='bbox 693 1256 853 1320; x_wconf 87' lang='lat' dir='ltr'>serie</span> <span class='ocrx_word' id='word_1_40' title='bbox 905 1254 1363 1343; x_wconf 76' lang='lat' dir='ltr'>Episcoporum</span> <span class='ocrx_word' id='word_1_41' title='bbox 1391 1249 1460 1313; x_wconf 87' lang='lat' dir='ltr'>in</span> <span class='ocrx_word' id='word_1_42' title='bbox 1493 1249 1775 1315; x_wconf 81' lang='lat' dir='ltr'>Ecclesia</span> <span class='ocrx_word' id='word_1_43' title='bbox 1800 1250 2087 1315; x_wconf 88' lang='lat' dir='ltr'>Romana</span> <span class='ocrx_word' id='word_1_44' title='bbox 2128 1274 2165 1315; x_wconf 93' lang='lat' dir='ltr'>a</span> <span class='ocrx_word' id='word_1_45' title='bbox 2193 1251 2383 1319; x_wconf 89' lang='lat' dir='ltr'>Petro</span> 
     </span>
     <span class='ocr_line' id='line_1_8' title="bbox 459 1370 1053 1463; baseline -0.005 -26"><span class='ocrx_word' id='word_1_46' title='bbox 459 1374 608 1439; x_wconf 86' lang='lat' dir='ltr'>inde</span> <span class='ocrx_word' id='word_1_47' title='bbox 640 1374 906 1463; x_wconf 87' lang='lat' dir='ltr'>repetita</span> <span class='ocrx_word' id='word_1_48' title='bbox 937 1370 1053 1459; x_wconf 85' lang='lat'><strong>(2).</strong></span> 
     </span>
    </p>

    <p class='ocr_par' dir='ltr' id='par_1_4' title="bbox 383 1486 2391 2165">
     <span class='ocr_line' id='line_1_9' title="bbox 550 1486 2387 1579; baseline -0.001 -24"><span class='ocrx_word' id='word_1_49' title='bbox 550 1490 812 1579; x_wconf 86' lang='lat' dir='ltr'>Scripsit</span> <span class='ocrx_word' id='word_1_50' title='bbox 837 1491 1026 1553; x_wconf 85' lang='lat' dir='ltr'>etiam</span> <span class='ocrx_word' id='word_1_51' title='bbox 1048 1488 1358 1552; x_wconf 70' lang='lat' dir='ltr'>IILnsnos&#39;</span> <span class='ocrx_word' id='word_1_52' title='bbox 1375 1507 1625 1549; x_wconf 71' lang='lat' dir='ltr'>comm</span> <span class='ocrx_word' id='word_1_53' title='bbox 1651 1507 1903 1549; x_wconf 62' lang='lat' dir='ltr'>aarum</span> <span class='ocrx_word' id='word_1_54' title='bbox 1929 1508 2198 1569; x_wconf 73' lang='lat' dir='ltr'>nolum,</span> <span class='ocrx_word' id='word_1_55' title='bbox 2214 1486 2387 1574; x_wconf 87' lang='lat' dir='ltr'>quod</span> 
     </span>
     <span class='ocr_line' id='line_1_10' title="bbox 383 1601 2391 1696; baseline -0.001 -23"><span class='ocrx_word' id='word_1_56' title='bbox 383 1636 389 1641; x_wconf 90' lang='lat'><strong>·</strong></span> <span class='ocrx_word' id='word_1_57' title='bbox 464 1631 626 1696; x_wconf 90' lang='lat' dir='ltr'>opus</span> <span class='ocrx_word' id='word_1_58' title='bbox 654 1608 862 1696; x_wconf 87' lang='lat' dir='ltr'>periit.</span> <span class='ocrx_word' id='word_1_59' title='bbox 919 1607 992 1669; x_wconf 90' lang='lat' dir='ltr'>In</span> <span class='ocrx_word' id='word_1_60' title='bbox 1027 1627 1105 1669; x_wconf 91' lang='lat' dir='ltr'>eo</span> <span class='ocrx_word' id='word_1_61' title='bbox 1140 1620 1354 1669; x_wconf 87' lang='lat' dir='ltr'>autem</span> <span class='ocrx_word' id='word_1_62' title='bbox 1379 1604 1637 1668; x_wconf 80' lang='lat' dir='ltr'>suasisse</span> <span class='ocrx_word' id='word_1_63' title='bbox 1662 1601 1941 1685; x_wconf 82' lang='lat' dir='ltr'>videtur,</span> <span class='ocrx_word' id='word_1_64' title='bbox 1976 1626 2058 1667; x_wconf 89' lang='lat' dir='ltr'>ne</span> <span class='ocrx_word' id='word_1_65' title='bbox 2087 1603 2391 1671; x_wconf 78' lang='lat' dir='ltr'>violentia</span> 
     </span>
     <span class='ocr_line' id='line_1_11' title="bbox 466 1719 2384 1789; baseline -0.001 0"><span class='ocrx_word' id='word_1_66' title='bbox 466 1723 870 1789; x_wconf 82' lang='lat' dir='ltr'>adhiberetur</span> <span class='ocrx_word' id='word_1_67' title='bbox 897 1721 978 1786; x_wconf 92' lang='lat' dir='ltr'>ad</span> <span class='ocrx_word' id='word_1_68' title='bbox 1003 1719 1507 1788; x_wconf 87' lang='lat' dir='ltr'>reconciliandos</span> <span class='ocrx_word' id='word_1_69' title='bbox 1536 1720 1920 1786; x_wconf 88' lang='lat' dir='ltr'>Donatistas.</span> <span class='ocrx_word' id='word_1_70' title='bbox 1983 1721 2211 1788; x_wconf 89' lang='lat' dir='ltr'>Postea</span> <span class='ocrx_word' id='word_1_71' title='bbox 2234 1745 2384 1788; x_wconf 79' lang='lat' dir='ltr'>vero</span> 
     </span>
     <span class='ocr_line' id='line_1_12' title="bbox 464 1837 2384 1927; baseline 0 -22"><span class='ocrx_word' id='word_1_72' title='bbox 464 1840 662 1905; x_wconf 77' lang='lat' dir='ltr'>fassus</span> <span class='ocrx_word' id='word_1_73' title='bbox 693 1854 786 1905; x_wconf 88' lang='lat' dir='ltr'>est</span> <span class='ocrx_word' id='word_1_74' title='bbox 799 1887 818 1921; x_wconf 92' lang='lat'>‚</span> <span class='ocrx_word' id='word_1_75' title='bbox 861 1862 929 1904; x_wconf 90' lang='lat' dir='ltr'>se</span> <span class='ocrx_word' id='word_1_76' title='bbox 966 1854 1119 1904; x_wconf 89' lang='lat' dir='ltr'>tunc</span> <span class='ocrx_word' id='word_1_77' title='bbox 1166 1861 1298 1903; x_wconf 86' lang='lat' dir='ltr'>non</span> <span class='ocrx_word' id='word_1_78' title='bbox 1334 1838 1703 1927; x_wconf 83' lang='lat' dir='ltr'>cognovisse</span> <span class='ocrx_word' id='word_1_79' title='bbox 1716 1884 1735 1920; x_wconf 91' lang='lat'><strong>,</strong></span> <span class='ocrx_word' id='word_1_80' title='bbox 1770 1837 1871 1902; x_wconf 79' lang='lat' dir='ltr'>vel</span> <span class='ocrx_word' id='word_1_81' title='bbox 1900 1854 2203 1926; x_wconf 87' lang='lat' dir='ltr'>quantum</span> <span class='ocrx_word' id='word_1_82' title='bbox 2233 1841 2384 1905; x_wconf 88' lang='lat' dir='ltr'>mali</span> 
     </span>
     <span class='ocr_line' id='line_1_13' title="bbox 465 1955 2385 2045; baseline 0.001 -23"><span class='ocrx_word' id='word_1_83' title='bbox 465 1958 689 2023; x_wconf 85' lang='lat' dir='ltr'>afferat</span> <span class='ocrx_word' id='word_1_84' title='bbox 741 1980 963 2022; x_wconf 90' lang='lat' dir='ltr'>eorum</span> <span class='ocrx_word' id='word_1_85' title='bbox 1011 1957 1348 2045; x_wconf 89' lang='lat' dir='ltr'>impunitas</span> <span class='ocrx_word' id='word_1_86' title='bbox 1367 2003 1388 2040; x_wconf 87' lang='lat'><strong>,</strong></span> <span class='ocrx_word' id='word_1_87' title='bbox 1445 1955 1549 2020; x_wconf 82' lang='lat' dir='ltr'>vel</span> <span class='ocrx_word' id='word_1_88' title='bbox 1596 1970 1899 2043; x_wconf 85' lang='lat' dir='ltr'>quantum</span> <span class='ocrx_word' id='word_1_89' title='bbox 1942 1956 2150 2021; x_wconf 83' lang='lat' dir='ltr'>valeat</span> <span class='ocrx_word' id='word_1_90' title='bbox 2202 1956 2385 2023; x_wconf 87' lang='lat' dir='ltr'>disci-</span> 
     </span>
     <span class='ocr_line' id='line_1_14' title="bbox 460 2072 1168 2165; baseline -0.001 -26"><span class='ocrx_word' id='word_1_91' title='bbox 460 2075 670 2164; x_wconf 87' lang='lat' dir='ltr'>plinae</span> <span class='ocrx_word' id='word_1_92' title='bbox 695 2072 1018 2165; x_wconf 81' lang='lat' dir='ltr'>diligentia</span> <span class='ocrx_word' id='word_1_93' title='bbox 1051 2072 1168 2164; x_wconf 85' lang='lat'><strong>(3).</strong></span> 
     </span>
    </p>

    <p class='ocr_par' dir='ltr' id='par_1_5' title="bbox 461 2190 2385 2517">
     <span class='ocr_line' id='line_1_15' title="bbox 550 2190 2385 2281; baseline 0 -24"><span class='ocrx_word' id='word_1_94' title='bbox 550 2191 890 2281; x_wconf 86' lang='lat' dir='ltr'>Supersunt</span> <span class='ocrx_word' id='word_1_95' title='bbox 921 2192 1043 2255; x_wconf 86' lang='lat' dir='ltr'>tria</span> <span class='ocrx_word' id='word_1_96' title='bbox 1069 2212 1296 2280; x_wconf 83' lang='lat' dir='ltr'>magna</span> <span class='ocrx_word' id='word_1_97' title='bbox 1319 2212 1513 2280; x_wconf 91' lang='lat' dir='ltr'>opera</span> <span class='ocrx_word' id='word_1_98' title='bbox 1536 2190 1763 2256; x_wconf 86' lang='lat' dir='ltr'>eodem</span> <span class='ocrx_word' id='word_1_99' title='bbox 1795 2192 1921 2255; x_wconf 89' lang='lat' dir='ltr'>hoc</span> <span class='ocrx_word' id='word_1_100' title='bbox 1943 2191 2076 2256; x_wconf 87' lang='lat' dir='ltr'>fere</span> <span class='ocrx_word' id='word_1_101' title='bbox 2100 2207 2385 2281; x_wconf 88' lang='lat' dir='ltr'>tempore</span> 
     </span>
     <span class='ocr_line' id='line_1_16' title="bbox 461 2306 2385 2401; baseline 0.001 -27"><span class='ocrx_word' id='word_1_102' title='bbox 461 2310 692 2399; x_wconf 85' lang='lat' dir='ltr'>scripta</span> <span class='ocrx_word' id='word_1_103' title='bbox 711 2358 729 2393; x_wconf 91' lang='lat'>,</span> <span class='ocrx_word' id='word_1_104' title='bbox 778 2331 938 2397; x_wconf 88' lang='lat' dir='ltr'>quae</span> <span class='ocrx_word' id='word_1_105' title='bbox 972 2306 1220 2373; x_wconf 84' lang='lat' dir='ltr'>abunde</span> <span class='ocrx_word' id='word_1_106' title='bbox 1251 2322 1555 2373; x_wconf 87' lang='lat' dir='ltr'>testantur</span> <span class='ocrx_word' id='word_1_107' title='bbox 1574 2356 1593 2389; x_wconf 90' lang='lat'>,</span> <span class='ocrx_word' id='word_1_108' title='bbox 1632 2324 1867 2397; x_wconf 88' lang='lat' dir='ltr'>quanta</span> <span class='ocrx_word' id='word_1_109' title='bbox 1907 2309 2097 2373; x_wconf 85' lang='lat' dir='ltr'>fuerit</span> <span class='ocrx_word' id='word_1_110' title='bbox 2127 2308 2385 2401; x_wconf 80' lang='lat' dir='ltr'>diligen·</span> 
     </span>
     <span class='ocr_line' id='line_1_17' title="bbox 461 2422 2379 2517; baseline 0.001 -26"><span class='ocrx_word' id='word_1_111' title='bbox 461 2428 551 2493; x_wconf 89' lang='lat' dir='ltr'>tia</span> <span class='ocrx_word' id='word_1_112' title='bbox 588 2426 920 2517; x_wconf 81' lang='lat' dir='ltr'>Augustini</span> <span class='ocrx_word' id='word_1_113' title='bbox 958 2426 1027 2489; x_wconf 94' lang='lat' dir='ltr'>in</span> <span class='ocrx_word' id='word_1_114' title='bbox 1065 2422 1410 2490; x_wconf 83' lang='lat' dir='ltr'>refutandis</span> <span class='ocrx_word' id='word_1_115' title='bbox 1453 2424 1824 2489; x_wconf 87' lang='lat' dir='ltr'>Donatistis.</span> <span class='ocrx_word' id='word_1_116' title='bbox 1916 2425 2379 2492; x_wconf 88' lang='lat' dir='ltr'>Inscribuntur:</span> 
     </span>
    </p>

    <p class='ocr_par' dir='ltr' id='par_1_6' title="bbox 549 2542 2031 2607">
     <span class='ocr_line' id='line_1_18' title="bbox 549 2542 2031 2607; baseline -0.001 -2"><span class='ocrx_word' id='word_1_117' title='bbox 549 2544 740 2607; x_wconf 80' lang='lat' dir='ltr'>Luuu</span> <span class='ocrx_word' id='word_1_118' title='bbox 773 2542 866 2605; x_wconf 91' lang='lat'>111</span> <span class='ocrx_word' id='word_1_119' title='bbox 897 2563 1148 2606; x_wconf 60' lang='lat' dir='ltr'>conns</span> <span class='ocrx_word' id='word_1_120' title='bbox 1172 2561 1525 2604; x_wconf 66' lang='lat' dir='ltr'>nusi-omn</span> <span class='ocrx_word' id='word_1_121' title='bbox 1559 2560 1980 2604; x_wconf 56' lang='lat' dir='ltr'>rannnnum.</span> <span class='ocrx_word' id='word_1_122' title='bbox 2018 2568 2031 2583; x_wconf 92' lang='lat'><strong>·</strong></span> 
     </span>
    </p>

    <p class='ocr_par' dir='ltr' id='par_1_7' title="bbox 502 2649 2050 2722">
     <span class='ocr_line' id='line_1_19' title="bbox 502 2649 2050 2722; baseline -0.001 -1"><span class='ocrx_word' id='word_1_123' title='bbox 502 2649 508 2655; x_wconf 70' lang='grc'><strong>’</strong></span> <span class='ocrx_word' id='word_1_124' title='bbox 554 2658 744 2721; x_wconf 80' lang='lat' dir='ltr'>eru</span> <span class='ocrx_word' id='word_1_125' title='bbox 772 2658 894 2721; x_wconf 89' lang='lat' dir='ltr'>VH</span> <span class='ocrx_word' id='word_1_126' title='bbox 917 2679 1002 2720; x_wconf 74' lang='lat' dir='ltr'>nn</span> <span class='ocrx_word' id='word_1_127' title='bbox 1029 2678 1340 2722; x_wconf 59' lang='lat' dir='ltr'>nsrrrsuo</span> <span class='ocrx_word' id='word_1_128' title='bbox 1373 2678 1625 2720; x_wconf 60' lang='lat' dir='ltr'>comus</span> <span class='ocrx_word' id='word_1_129' title='bbox 1650 2676 2050 2720; x_wconf 72' lang='lat' dir='ltr'>nolunsns.</span> 
     </span>
    </p>

    <p class='ocr_par' dir='ltr' id='par_1_8' title="bbox 553 2776 1861 2860">
     <span class='ocr_line' id='line_1_20' title="bbox 553 2776 1861 2860; baseline -0.002 -20"><span class='ocrx_word' id='word_1_130' title='bbox 553 2777 745 2841; x_wconf 79' lang='lat' dir='ltr'>Lnnu</span> <span class='ocrx_word' id='word_1_131' title='bbox 769 2776 862 2839; x_wconf 92' lang='grc' dir='ltr'>ΠΙ</span> <span class='ocrx_word' id='word_1_132' title='bbox 891 2796 1141 2841; x_wconf 68' lang='lat' dir='ltr'>com-n</span> <span class='ocrx_word' id='word_1_133' title='bbox 1173 2795 1481 2860; x_wconf 55' lang='lat' dir='ltr'>turnus</span> <span class='ocrx_word' id='word_1_134' title='bbox 1512 2794 1861 2837; x_wconf 65' lang='lat' dir='ltr'>turnum.</span> 
     </span>
    </p>

    <p class='ocr_par' dir='ltr' id='par_1_9' title="bbox 464 2894 2390 3222">
     <span class='ocr_line' id='line_1_21' title="bbox 553 2894 2390 2983; baseline 0.001 -25"><span class='ocrx_word' id='word_1_135' title='bbox 553 2894 727 2983; x_wconf 89' lang='lat' dir='ltr'>Opus</span> <span class='ocrx_word' id='word_1_136' title='bbox 762 2914 914 2958; x_wconf 82' lang='lat' dir='ltr'>vero</span> <span class='ocrx_word' id='word_1_137' title='bbox 931 2939 950 2973; x_wconf 92' lang='lat'>‚</span> <span class='ocrx_word' id='word_1_138' title='bbox 999 2912 1250 2956; x_wconf 61' lang='lat' dir='ltr'>com-ns</span> <span class='ocrx_word' id='word_1_139' title='bbox 1285 2912 1462 2968; x_wconf 77' lang='lat' dir='ltr'>quon</span> <span class='ocrx_word' id='word_1_140' title='bbox 1502 2912 1779 2954; x_wconf 68' lang='lat' dir='ltr'>urum·</span> <span class='ocrx_word' id='word_1_141' title='bbox 1815 2911 2168 2955; x_wconf 66' lang='lat' dir='ltr'>curvatus</span> <span class='ocrx_word' id='word_1_142' title='bbox 2198 2914 2242 2955; x_wconf 72' lang='grc' dir='ltr'><strong>Α</strong></span> <span class='ocrx_word' id='word_1_143' title='bbox 2272 2914 2390 2959; x_wconf 82' lang='lat' dir='ltr'>no·-</span> 
     </span>
     <span class='ocr_line' id='line_1_22' title="bbox 464 3005 2385 3098; baseline -0.002 -20"><span class='ocrx_word' id='word_1_144' title='bbox 464 3034 744 3079; x_wconf 73' lang='lat' dir='ltr'>1ur1sr1s</span> <span class='ocrx_word' id='word_1_145' title='bbox 763 3060 782 3093; x_wconf 88' lang='lat'>,</span> <span class='ocrx_word' id='word_1_146' title='bbox 832 3008 1005 3098; x_wconf 88' lang='lat' dir='ltr'>quod</span> <span class='ocrx_word' id='word_1_147' title='bbox 1054 3024 1200 3096; x_wconf 88' lang='lat' dir='ltr'>post</span> <span class='ocrx_word' id='word_1_148' title='bbox 1234 3008 1430 3072; x_wconf 89' lang='lat' dir='ltr'>libros</span> <span class='ocrx_word' id='word_1_149' title='bbox 1472 3005 1555 3071; x_wconf 90' lang='lat' dir='ltr'>de</span> <span class='ocrx_word' id='word_1_150' title='bbox 1593 3007 1905 3095; x_wconf 88' lang='lat' dir='ltr'>baptismo</span> <span class='ocrx_word' id='word_1_151' title='bbox 1948 3024 2228 3074; x_wconf 87' lang='lat' dir='ltr'>recenset</span> <span class='ocrx_word' id='word_1_152' title='bbox 2257 3010 2385 3075; x_wconf 85' lang='lat' dir='ltr'>Au-</span> 
     </span>
     <span class='ocr_line' id='line_1_23' title="bbox 465 3124 1140 3222; baseline -0.004 -28"><span class='ocrx_word' id='word_1_153' title='bbox 465 3130 772 3222; x_wconf 81' lang='lat' dir='ltr'>gustinus,</span> <span class='ocrx_word' id='word_1_154' title='bbox 802 3128 990 3218; x_wconf 88' lang='lat' dir='ltr'>periit</span> <span class='ocrx_word' id='word_1_155' title='bbox 1023 3124 1140 3215; x_wconf 74' lang='lat'><strong>(4).</strong></span> 
     </span>
    </p>

    <p class='ocr_par' dir='ltr' id='par_1_10' title="bbox 463 3240 2386 3685">
     <span class='ocr_line' id='line_1_24' title="bbox 552 3240 2386 3336; baseline -0.002 -25"><span class='ocrx_word' id='word_1_156' title='bbox 552 3247 725 3336; x_wconf 90' lang='lat' dir='ltr'>Opus</span> <span class='ocrx_word' id='word_1_157' title='bbox 759 3266 1010 3311; x_wconf 62' lang='lat' dir='ltr'>conns</span> <span class='ocrx_word' id='word_1_158' title='bbox 1045 3264 1514 3307; x_wconf 61' lang='lat' dir='ltr'>»sannuncurt</span> <span class='ocrx_word' id='word_1_159' title='bbox 1552 3240 1865 3306; x_wconf 84' lang='lat' dir='ltr'>scribendi</span> <span class='ocrx_word' id='word_1_160' title='bbox 1900 3264 2113 3307; x_wconf 87' lang='lat' dir='ltr'>ansam</span> <span class='ocrx_word' id='word_1_161' title='bbox 2146 3245 2386 3335; x_wconf 83' lang='lat' dir='ltr'>Aug-us-</span> 
     </span>
     <span class='ocr_line' id='line_1_25' title="bbox 463 3358 2379 3448; baseline -0.001 -19"><span class='ocrx_word' id='word_1_162' title='bbox 463 3365 600 3429; x_wconf 86' lang='lat' dir='ltr'>tino</span> <span class='ocrx_word' id='word_1_163' title='bbox 658 3360 846 3427; x_wconf 78' lang='lat' dir='ltr'>dedit·</span> <span class='ocrx_word' id='word_1_164' title='bbox 884 3360 1164 3448; x_wconf 86' lang='lat' dir='ltr'>Epistola</span> <span class='ocrx_word' id='word_1_165' title='bbox 1181 3407 1200 3441; x_wconf 92' lang='lat'>‚</span> <span class='ocrx_word' id='word_1_166' title='bbox 1269 3382 1459 3446; x_wconf 86' lang='lat' dir='ltr'>quam</span> <span class='ocrx_word' id='word_1_167' title='bbox 1512 3358 1843 3445; x_wconf 84' lang='lat' dir='ltr'>scripserat</span> <span class='ocrx_word' id='word_1_168' title='bbox 1897 3358 2341 3427; x_wconf 88' lang='lat' dir='ltr'>Parmenianus</span> <span class='ocrx_word' id='word_1_169' title='bbox 2361 3412 2379 3445; x_wconf 92' lang='lat'>,</span> 
     </span>
     <span class='ocr_line' id='line_1_26' title="bbox 466 3474 2386 3565; baseline -0.001 -21"><span class='ocrx_word' id='word_1_170' title='bbox 466 3478 935 3544; x_wconf 88' lang='lat' dir='ltr'>Donatistarum</span> <span class='ocrx_word' id='word_1_171' title='bbox 957 3475 1561 3565; x_wconf 82' lang='lat' dir='ltr'>Carthaginiensium</span> <span class='ocrx_word' id='word_1_172' title='bbox 1586 3474 1954 3562; x_wconf 87' lang='lat' dir='ltr'>Episcopus,</span> <span class='ocrx_word' id='word_1_173' title='bbox 1984 3476 2219 3542; x_wconf 85' lang='lat' dir='ltr'>Donati</span> <span class='ocrx_word' id='word_1_174' title='bbox 2250 3500 2386 3543; x_wconf 89' lang='lat' dir='ltr'>suc-</span> 
     </span>
     <span class='ocr_line' id='line_1_27' title="bbox 471 3590 2384 3685; baseline -0.002 -24"><span class='ocrx_word' id='word_1_175' title='bbox 471 3618 678 3661; x_wconf 89' lang='lat' dir='ltr'>cessor</span> <span class='ocrx_word' id='word_1_176' title='bbox 709 3592 800 3685; x_wconf 80' lang='lat'>(5)</span> <span class='ocrx_word' id='word_1_177' title='bbox 822 3641 841 3677; x_wconf 91' lang='lat'>,</span> <span class='ocrx_word' id='word_1_178' title='bbox 879 3593 961 3658; x_wconf 86' lang='lat' dir='ltr'>ad</span> <span class='ocrx_word' id='word_1_179' title='bbox 985 3592 1360 3657; x_wconf 85' lang='lat' dir='ltr'>Tichonium</span> <span class='ocrx_word' id='word_1_180' title='bbox 1379 3639 1398 3673; x_wconf 92' lang='lat'>‚</span> <span class='ocrx_word' id='word_1_181' title='bbox 1446 3590 1847 3656; x_wconf 79' lang='lat' dir='ltr'>»hominem”</span> <span class='ocrx_word' id='word_1_182' title='bbox 1862 3638 1883 3673; x_wconf 89' lang='lat'>‚</span> <span class='ocrx_word' id='word_1_183' title='bbox 1919 3606 1991 3655; x_wconf 90' lang='lat' dir='ltr'>ut</span> <span class='ocrx_word' id='word_1_184' title='bbox 2022 3593 2109 3657; x_wconf 88' lang='lat' dir='ltr'>ait</span> <span class='ocrx_word' id='word_1_185' title='bbox 2145 3593 2384 3685; x_wconf 84' lang='lat' dir='ltr'>Augus·</span> 
     </span>
    </p>

    <p class='ocr_par' dir='ltr' id='par_1_11' title="bbox 528 3722 1781 3831">
     <span class='ocr_line' id='line_1_28' title="bbox 528 3722 1781 3831; baseline 0.001 -18"><span class='ocrx_word' id='word_1_186' title='bbox 528 3762 608 3830; x_wconf 88' lang='lat'>(1)</span> <span class='ocrx_word' id='word_1_187' title='bbox 641 3764 729 3829; x_wconf 76' lang='lat' dir='ltr'>Bp.</span> <span class='ocrx_word' id='word_1_188' title='bbox 765 3763 827 3815; x_wconf 83' lang='grc'>51</span> <span class='ocrx_word' id='word_1_189' title='bbox 867 3765 994 3831; x_wconf 82' lang='lat' dir='ltr'>opp.</span> <span class='ocrx_word' id='word_1_190' title='bbox 1029 3722 1245 3828; x_wconf 52' lang='lat' dir='ltr'>A-ngust.</span> <span class='ocrx_word' id='word_1_191' title='bbox 1284 3764 1337 3813; x_wconf 78' lang='grc' dir='ltr'>Τ.</span> <span class='ocrx_word' id='word_1_192' title='bbox 1372 3762 1444 3815; x_wconf 87' lang='lat'>11.</span> <span class='ocrx_word' id='word_1_193' title='bbox 1480 3777 1533 3827; x_wconf 75' lang='grc' dir='ltr'>Ρ.</span> <span class='ocrx_word' id='word_1_194' title='bbox 1570 3760 1639 3811; x_wconf 87' lang='grc'>88</span> <span class='ocrx_word' id='word_1_195' title='bbox 1672 3776 1781 3827; x_wconf 67' lang='lat' dir='ltr'>seq.</span> 
     </span>
    </p>

    <p class='ocr_par' dir='ltr' id='par_1_12' title="bbox 526 3844 1983 3914">
     <span class='ocr_line' id='line_1_29' title="bbox 526 3844 1983 3914; baseline 0 -17"><span class='ocrx_word' id='word_1_196' title='bbox 526 3844 606 3913; x_wconf 76' lang='lat'>(2)</span> <span class='ocrx_word' id='word_1_197' title='bbox 640 3848 729 3913; x_wconf 71' lang='lat' dir='ltr'>Bp.</span> <span class='ocrx_word' id='word_1_198' title='bbox 768 3846 836 3898; x_wconf 76' lang='grc'>52</span> <span class='ocrx_word' id='word_1_199' title='bbox 868 3849 922 3897; x_wconf 74' lang='lat' dir='ltr'>et</span> <span class='ocrx_word' id='word_1_200' title='bbox 957 3846 1025 3896; x_wconf 80' lang='grc'>53</span> <span class='ocrx_word' id='word_1_201' title='bbox 1065 3848 1190 3914; x_wconf 82' lang='lat' dir='ltr'>opp.</span> <span class='ocrx_word' id='word_1_202' title='bbox 1219 3844 1438 3911; x_wconf 40' lang='lat' dir='ltr'>ducunt.</span> <span class='ocrx_word' id='word_1_203' title='bbox 1476 3845 1533 3898; x_wconf 75' lang='lat' dir='ltr'>T.</span> <span class='ocrx_word' id='word_1_204' title='bbox 1570 3844 1623 3893; x_wconf 87' lang='lat'>11</span> <span class='ocrx_word' id='word_1_205' title='bbox 1654 3860 1710 3911; x_wconf 85' lang='lat' dir='ltr'>p·</span> <span class='ocrx_word' id='word_1_206' title='bbox 1739 3844 1807 3895; x_wconf 77' lang='lat'>89</span> <span class='ocrx_word' id='word_1_207' title='bbox 1838 3858 1983 3909; x_wconf 75' lang='lat' dir='ltr'>seqq·</span> 
     </span>
    </p>

    <p class='ocr_par' dir='ltr' id='par_1_13' title="bbox 529 3927 1515 3996">
     <span class='ocr_line' id='line_1_30' title="bbox 529 3927 1515 3996; baseline 0 -17"><span class='ocrx_word' id='word_1_208' title='bbox 529 3930 609 3996; x_wconf 77' lang='lat'>(3)</span> <span class='ocrx_word' id='word_1_209' title='bbox 643 3930 858 3994; x_wconf 71' lang='lat' dir='ltr'>August.</span> <span class='ocrx_word' id='word_1_210' title='bbox 895 3930 1121 3984; x_wconf 68' lang='lat' dir='ltr'>Reti-act.</span> <span class='ocrx_word' id='word_1_211' title='bbox 1157 3928 1262 3979; x_wconf 74' lang='lat' dir='ltr'><strong>Lib.</strong></span> <span class='ocrx_word' id='word_1_212' title='bbox 1300 3928 1351 3978; x_wconf 89' lang='lat'>11</span> <span class='ocrx_word' id='word_1_213' title='bbox 1384 3945 1430 3979; x_wconf 87' lang='grc' dir='ltr'>ο.</span> <span class='ocrx_word' id='word_1_214' title='bbox 1461 3927 1515 3979; x_wconf 85' lang='grc'>5.</span> 
     </span>
    </p>
   </div>
   <div class='ocr_carea' id='block_1_3' title="bbox 526 4012 2397 4165">
    <p class='ocr_par' dir='ltr' id='par_1_14' title="bbox 526 4012 2397 4165">
     <span class='ocr_line' id='line_1_31' title="bbox 526 4012 1666 4080; baseline -0.001 -17"><span class='ocrx_word' id='word_1_215' title='bbox 526 4014 606 4080; x_wconf 69' lang='grc'>(4)</span> <span class='ocrx_word' id='word_1_216' title='bbox 639 4016 718 4066; x_wconf 77' lang='lat' dir='ltr'>cf.</span> <span class='ocrx_word' id='word_1_217' title='bbox 755 4013 968 4078; x_wconf 71' lang='lat' dir='ltr'>August.</span> <span class='ocrx_word' id='word_1_218' title='bbox 1003 4014 1228 4066; x_wconf 71' lang='lat' dir='ltr'>nott-ot.</span> <span class='ocrx_word' id='word_1_219' title='bbox 1265 4013 1374 4065; x_wconf 74' lang='lat' dir='ltr'>Lib.</span> <span class='ocrx_word' id='word_1_220' title='bbox 1411 4012 1465 4062; x_wconf 88' lang='lat'>11</span> <span class='ocrx_word' id='word_1_221' title='bbox 1498 4028 1548 4066; x_wconf 84' lang='lat' dir='ltr'>e.</span> <span class='ocrx_word' id='word_1_222' title='bbox 1582 4012 1666 4063; x_wconf 75' lang='lat'>19.</span> 
     </span>
     <span class='ocr_line' id='line_1_32' title="bbox 531 4090 2397 4165; baseline 0.002 -18"><span class='ocrx_word' id='word_1_223' title='bbox 531 4090 616 4165; x_wconf 77' lang='grc'>(5)</span> <span class='ocrx_word' id='word_1_224' title='bbox 643 4100 827 4149; x_wconf 72' lang='lat' dir='ltr'>Contra</span> <span class='ocrx_word' id='word_1_225' title='bbox 860 4096 1090 4149; x_wconf 73' lang='lat' dir='ltr'>eumdem</span> <span class='ocrx_word' id='word_1_226' title='bbox 1115 4097 1268 4149; x_wconf 71' lang='lat' dir='ltr'>etism</span> <span class='ocrx_word' id='word_1_227' title='bbox 1287 4112 1504 4149; x_wconf 73' lang='lat' dir='ltr'>onum</span> <span class='ocrx_word' id='word_1_228' title='bbox 1536 4111 1858 4148; x_wconf 68' lang='lat' dir='ltr'>annu-nu·</span> <span class='ocrx_word' id='word_1_229' title='bbox 1878 4110 2004 4163; x_wconf 79' lang='lat' dir='ltr'>opus</span> <span class='ocrx_word' id='word_1_230' title='bbox 2020 4112 2161 4149; x_wconf 79' lang='lat' dir='ltr'>snum</span> <span class='ocrx_word' id='word_1_231' title='bbox 2182 4099 2397 4164; x_wconf 75' lang='lat' dir='ltr'>sei-ipsit.</span> 
     </span>
    </p>
   </div>
  </div>
 </body>
</html>
