2917 4967
1321 449 1456 523 23·

418 670 713 769 Hippone
737 680 980 760 habita,
1013 703 1144 751 non
1173 684 1383 769 potuit
1410 706 1541 753 uon
1576 690 1846 759 excitare
1870 692 2199 782 Augustini
2232 726 2324 769 ar-

415 797 640 873 dorem
671 796 786 887 (1).

1215 1042 1441 1115 .§2.

505 1266 540 1329 J
543 1288 645 1331 am
693 1265 924 1333 stuata-a
981 1265 1467 1357 Proculeianum
1532 1292 1747 1342 senem
1776 1322 1797 1356 ,
1862 1276 2338 1351 Donatistarum

420 1385 720 1473 Hippone
747 1384 1131 1473 Episcopum
1146 1432 1166 1467 ‚
1191 1386 1426 1474 scripta
1449 1385 1531 1455 ad
1555 1411 1701 1457 eum
1726 1391 2073 1480 Epistola,
2090 1399 2171 1465 ad
2214 1404 2341 1469 col·-¹

421 1500 727 1567 lationem
770 1522 986 1565 secum
1035 1501 1482 1571 instituendam
1518 1528 1885 1603 permovere
1912 1512 2173 1582 studuit.
2243 1520 2339 1584 Si-

421 1595 712 1681 mulahat
770 1617 938 1683 enim
992 1618 1100 1683 ille
1149 1642 1217 1685 se
1268 1619 1573 1709 imparem
1626 1646 1761 1693 esse
1808 1628 2161 1719 Augustino
2215 1635 2333 1725 (2).

424 1734 616 1797 Anno
651 1732 907 1800 tandem
949 1734 1072 1823 397
1115 1736 1521 1805 collationem
1549 1741 1775 1807 habuit
1806 1768 1955 1811 cum
1986 1748 2297 1820 Fortunio
2316 1804 2339 1837 ,

421 1851 893 1917 Donatistarum
931 1852 1247 1943 Episcopo
1287 1855 1639 1925 Tubursici.
1731 1862 2145 1935 Consenserat
2176 1872 2346 1939 enim

421 1967 727 2034 Fortunio
751 1971 1088 2036 convenire
1113 1994 1259 2037 cum
1282 1971 1503 2042 decem
1527 1954 1848 2066 uniusque
1868 1986 2061 2069 partis
2083 1986 2343 2076 Episch

419 2088 517 2177 pis
533 2134 553 2170 ‚
599 2076 774 2177 pacit¹
815 2106 890 2153 ac
921 2091 1196 2155 caritatis
1223 2090 1547 2175 studiosis,
1594 2095 1663 2161 in
1694 2096 1841 2161 looo
1880 2100 2159 2187 quodam
2173 2152 2192 2188 ,
2231 2109 2342 2173 uhi

421 2219 644 2271 neutra
667 2228 812 2295 pars
835 2205 1180 2273 Ecclesiam
1199 2209 1466 2276 habeoet
1481 2259 1500 2295 ‚
1540 2228 1819 2281 attamen
1846 2220 2164 2309 utriusque
2187 2226 2345 2290 socii

419 2324 842 2410 reperirentur
858 2372 876 2407 ,
921 2341 995 2388 ut
1035 2326 1390 2414 periculum
1433 2328 1715 2396 facerent
1741 2348 2073 2423 utramque
2095 2358 2343 2427 partem

420 2440 894 2506 reconciliandi.
991 2441 1181 2519 Multi
1215 2442 1584 2511 Donatistae
1624 2447 1949 2533 collationi
1978 2452 2333 2523 adfuerunt.

426 2554 594 2620 Hinc
624 2555 865 2620 factum
885 2571 1010 2640 est,
1038 2573 1110 2621 ut
1136 2580 1398 2646 magnus
1420 2559 1739 2638 interdum
1768 2552 2065 2636 tumultus
2090 2573 2337 2639 exstite-

425 2672 510 2736 rit
526 2720 546 2755 ‚
573 2694 693 2736 nec
723 2672 896 2736 dicta
917 2672 1162 2736 calamo
1189 2674 1477 2761 excipere
1503 2679 1824 2763 potuerint
1848 2684 2100 2750 notarii.

510 2790 587 2853 In
617 2790 738 2853 hac
773 2789 1112 2853 collatione
1146 2787 1200 2852 F
1203 2791 1485 2867 ortunius
1522 2795 1895 2881 perhibebat
1911 2845 1930 2881 ‚
1979 2801 2339 2872 Donatistas

421 2924 571 2970 cum
609 2905 972 2971 Christianis
1011 2906 1079 2970 in
1102 2906 1277 2983 omni
1302 2922 1608 2974 terrarum
1643 2912 1799 2977 orbe
1824 2921 2335 2989 communionem

420 3022 688 3105 habel-«³3
741 3021 914 3110 quod
957 3046 1108 3089 vero
1163 3022 1398 3089 refutat
1445 3024 1825 3115 Augustinus
1846 3078 1865 3113 ,
1924 3031 2169 3121 dicens,
2228 3060 2339 3107 eos

419 3156 554 3205 non
600 3161 782 3229 posse
798 3188 817 3224 ‚
861 3162 989 3227 quo
1029 3139 1297 3223 vellent,
1357 3144 1645 3229 epistolas
1686 3143 1837 3211 dare
1858 3162 2335 3223 communicato-

421 3265 577 3324 νὶω.
668 3256 1061 3325 Provocatur
1087 3280 1282 3345 porro
1314 3282 1355 3323 a
1379 3252 1689 3327 Fortunio
1725 3262 1807 3327 ad
1825 3273 2289 3354 persecutiones
2310 3324 2330 3359 ,

425 3398 578 3464 quas
606 3375 1008 3464 patiebantur
1030 3375 1418 3442 Donatistae.
1496 3377 1641 3444 Hoc
1660 3381 1829 3445 enim
1847 3385 2181 3454 existimari
2202 3394 2339 3459 vult

421 3491 726 3557 indicium
742 3540 761 3573 ,
833 3514 942 3557 eos
1009 3514 1138 3557 esse
1204 3494 1338 3557 veri
1393 3496 1667 3559 nominis
1724 3499 2127 3572 Christianos.
2228 3511 2333 3576 Ab

427 3608 778 3699 Augustino
828 3632 981 3674 vero
1013 3608 1096 3674 ad
1123 3610 1250 3675 hoc
1285 3611 1733 3699 respondetur}
1782 3616 1871 3681 ita
1898 3642 2047 3686 sane
2075 3644 2237 3710 esse,
2286 3630 2337 3693 si

428 3724 624 3790 modo
650 3727 1003 3815 persecutio
1026 3743 1284 3815 propter
1318 3730 1622 3813 justitiam
1654 3730 1795 3815 fiat3
1844 3736 2014 3822 quod
2042 3739 2227 3808 fateri
2254 3745 2335 3812 de

489 4017 568 4082 (1)
602 4017 674 4067 De
707 4016 804 4067 hnc
843 4018 1040 4082 synodo
1075 3980 1212 4072 conf.
1248 4036 1533 4083 nanneten,
1569 4025 1661 4090 Op.
1700 4024 1739 4076 l.
1770 4027 1826 4077 Τ
1858 4028 2000 4095 XIp.
2035 4031 2137 4083 410
2167 4052 2311 4103 seqq.

487 4102 568 4167 (2)
602 4103 680 4153 Cf.
697 4102 785 4167 Bp.
801 4103 1013 4169 δῧορρ.
1027 4104 1222 4168 August
1246 4106 1304 4159 Τ.
1322 4107 1438 4173 11p.
1455 4105 1680 4171 47oeqq.
1700 4110 1899 4162 exedit.
1915 4114 2141 4169 lion-oh.
2162 4120 2346 4174 Bened.
