2917 4967
1358 340 1445 415 61

445 592 977 645 sacramentorum
1017 574 1260 641 finmros
1297 573 1593 641 doceret:
1653 588 1801 663 post
1843 576 2362 643 resurrectionem

451 703 661 762 autem
685 693 935 783 quando
950 694 1130 782 jussit
1149 694 1309 758 retia
1337 693 1503 757 mitti
1528 694 1597 757 in
1625 690 1943 759 dexteram
1966 709 2211 783 partem
2228 743 2247 777 ,
2294 710 2364 760 ut

449 829 599 903 post
637 812 1156 878 resurrectionem
1192 826 1473 875 nostram
1518 811 1725 889 bonos
1768 811 1937 875 solos
1978 810 2047 874 in
2087 810 2367 875 Ecclesia

447 930 688 994 futuros
729 929 1216 1018 intelligeremus
1231 976 1251 1011 ,
1299 909 1412 993 ubi
1451 928 1708 993 ulterius
1756 930 2041 993 haereses
2078 942 2142 993 et
2176 930 2367 994 schis-

449 1064 618 1112 mata
671 1041 804 1112 no'n
863 1062 1046 1111 erunt
1059 1094 1078 1128 ,
1151 1047 1373 1135 quibus
1424 1044 1620 1111 modo
1666 1046 1827 1111 retia
1873 1044 2361 1136 disrumpuntur.

446 1162 609 1239 Nam
657 1178 722 1228 et
766 1161 1174 1253 Evangelium
1223 1185 1356 1227 non
1401 1163 1600 1226 tacuit
1652 1162 1721 1225 in
1765 1162 1973 1250 prima
2000 1186 2009 1197 ·
2016 1162 2366 1252 piscatione

451 1304 948 1347 commemorare
983 1280 1142 1345 retia
1169 1303 1299 1345 esse
1325 1277 1639 1368 disrupta:
1688 1280 1845 1343 etin
1874 1282 2211 1346 novissima
2234 1281 2367 1347 dic-

449 1414 584 1463 tum
625 1413 750 1463 est:
811 1411 877 1461 et
910 1421 1048 1461 cum
1092 1411 1219 1461 tam
1260 1405 1478 1485 magni
1516 1409 1727 1459 essent
1751 1404 1998 1484 pisces,
2048 1406 2209 1463 retia
2242 1424 2369 1464 non

448 1530 600 1582 sunt
619 1517 923 1603 disrupta.
1014 1515 1112 1580 De
1136 1516 1250 1579 tali
1276 1514 1559 1579 Ecclesia
1585 1513 1829 1579 dictum
1855 1538 1987 1580 esse
2004 1564 2023 1598 ‚
2060 1513 2232 1604 quod
2254 1540 2371 1607 per

447 1633 626 1697 illam
656 1655 790 1697 non
832 1646 970 1695 erat
995 1633 1362 1696 transiturus
1390 1631 1861 1695 incircumcisus
1890 1626 1956 1696 et'
1990 1633 2366 1701 immundus.

453 1748 559 1813 Ad
596 1747 956 1813 immundos
1007 1750 1176 1813 enim
1219 1748 1535 1837 pertinere
1574 1748 1995 1813 schismaticas
2032 1747 2373 1839 separatio-

451 1890 564 1931 nes
580 1886 608 1949 ‚·
637 1889 798 1954 quae
823 1882 973 1931 tunc
995 1889 1128 1957 non
1150 1881 1366 1948 erunt,
1402 1866 1547 1953 quia
1570 1866 1728 1931 retia
1748 1888 1881 1931 non
1902 1880 2045 1931 sunt
2070 1865 2369 1957 disrupta.

455 1982 602 2047 Hoc
625 1984 815 2048 etiam
844 1981 1244 2073 significasse,
1275 1980 1448 2070 quod
1473 2005 1722 2064 corvus,
1741 1984 1871 2048 avis
1898 1984 2221 2051 immunda
2235 2034 2255 2069 ,
2273 2010 2377 2054 ex-

451 2102 596 2166 ierit
645 2100 726 2165 de
776 2124 921 2165 arca
938 2148 958 2183 ,
1019 2114 1084 2165 et
1137 2123 1270 2164 non
1315 2098 1593 2165 redierit.
1686 2097 1865 2181 Quae
1916 2116 2130 2167 tamen
2192 2125 2339 2169 arca
2353 2152 2373 2187 ,
2462 2126 2467 2131 ·

456 2232 716 2283 exeunte
747 2240 943 2283 corvo
960 2265 980 2299 ,
1028 2238 1160 2281 non
1190 2217 1408 2304 utique
1451 2216 1748 2280 omnibus
1777 2217 2115 2283 immundis
2142 2221 2377 2287 anima-

452 2336 618 2401 libus
653 2318 852 2400 caruit
867 2382 887 2417 ,
935 2332 1047 2399 sed
1073 2334 1142 2398 in
1173 2356 1248 2397 ea
1275 2333 1530 2397 fuerunt
1561 2349 1627 2397 et
1650 2331 1884 2397 munda
1900 2380 1920 2415 ,
1969 2350 2033 2399 et
2057 2337 2381 2403 ixmnunda

455 2476 652 2540 usque
685 2450 767 2515 ad
792 2449 1094 2514 diluvium
1109 2498 1129 2531 ,
1177 2449 1338 2512 sicut
1359 2435 1429 2512 in
1449 2448 1731 2513 Ecclesia
1754 2450 1911 2513 boni
1934 2465 1999 2513 et
2018 2452 2167 2515 mali
2186 2475 2381 2540 usque

462 2568 544 2635 ad
585 2568 778 2635 seculi
817 2567 1030 2633 finem.
1124 2564 1251 2631 Sed
1285 2566 1443 2630 sicut
1472 2588 1606 2631 non
1631 2564 1711 2629 de
1742 2566 2080 2632 immundis
2096 2616 2115 2650 ‚
2162 2568 2276 2634 sed
2300 2568 2383 2637 de

460 2684 708 2752 mundis
743 2684 1118 2749 animalibus
1147 2682 1290 2747 Noe
1321 2683 1553 2747 obtulit
1576 2682 1980 2767 sacrificium3
2028 2686 2118 2750 ita
2140 2709 2274 2751 non
2296 2689 2343 2752 ii
2357 2736 2377 2771 ,

461 2803 569 2890 qui
600 2802 751 2867 mali
781 2814 927 2865 sunt
961 2802 1031 2865 in
1067 2800 1384 2881 Ecclesia,
1431 2797 1546 2863 sed
1570 2800 1653 2883 ii,
1702 2799 1810 2887 qui
1833 2801 1990 2866 boni
2013 2818 2191 2887 sunt,
2236 2806 2381 2895 'per-

460 2920 720 2986 veniunt
753 2916 835 2983 ad
859 2917 1096 2981 Deum”
1135 2915 1253 3005 (1).

545 3037 608 3101 N
607 3058 696 3101 on
712 3036 802 3099 ita
815 3033 885 3098 id
909 3049 1122 3101 tamen
1139 3031 1581 3122 accipiendum
1600 3047 1717 3114 est,
1749 3034 1924 3120 quasi
1948 3034 2071 3099 sint
2088 3032 2251 3101 duae
2262 3038 2382 3103 Ec-

464 3154 687 3221 clesiae
705 3200 723 3236 ‚
746 3151 858 3217 sed
879 3182 906 3209 n
919 3150 1205 3216 eamdem
1221 3151 1424 3239 ipsam
1445 3173 1638 3215 unam
1660 3165 1725 3214 et
1746 3167 2027 3215 sanctam
2039 3152 2387 3221 Ecclesiam

461 3294 628 3337 nunc
657 3293 788 3335 esse
815 3269 996 3334 aliter
1009 3316 1029 3351 ,
1083 3283 1232 3333 tunc
1275 3283 1483 3332 autem
1516 3267 1695 3333 aliter
1718 3266 2025 3334 futuram:
2075 3294 2246 3336 nunc
2271 3274 2411 3338 ha·-

459 3390 612 3452 bere
650 3387 850 3450 malos
887 3385 1114 3450 mixtos
1129 3432 1149 3467 ,
1197 3400 1351 3449 tunc
1387 3407 1521 3450 non
1559 3384 1973 3457 habitu-am'’.
2066 3386 2383 3481 Exemplis

458 3506 726 3569 illustrat
746 3526 913 3569 rem:
940 3526 1109 3568 »non
1125 3500 1273 3568 ideo
1293 3500 1420 3566 duo
1439 3501 1668 3566 Christi
1685 3548 1704 3582 ,
1740 3502 1884 3587 quia
1899 3501 2078 3590 prior
2100 3521 2383 3571 mortuus

396 3690 402 3697 ,
462 3638 686 3713 postea
725 3644 858 3685 non
901 3610 1295 3684 moriturus’'.
1388 3618 1602 3682 Homo
1654 3618 1925 3681 exterior
1974 3633 2039 3682 et
2080 3617 2380 3706 interior,

467 3762 612 3803 eum
631 3738 757 3829 sint
778 3736 1040 3818 diversi,
1074 3752 1286 3801 tamen
1318 3758 1451 3799 non
1488 3750 1633 3801 sunt
1660 3731 1788 3799 duo
1808 3735 2095 3801 homines
2119 3734 2239 3825 (2).
2286 3738 2386 3803 De

525 3930 608 3996 (1)
639 3932 784 3981 BreV.
820 3928 1004 3979 Collat.
1040 3928 1092 3976 d.
1129 3927 1206 3976 111
1240 3926 1265 3993 ς
1311 3926 1390 3977 16.

528 4014 612 4081 (2)
645 4012 776 4066 Ibid.
815 4013 838 4078 ς
875 4013 962 4063 20.
