2917 4967
1488 316 1537 387 8

549 574 622 623 ut
677 578 918 623 conim-
949 552 1328 623 adm-sarius
1403 554 1775 646 praecipuus
1840 572 2039 623 essct:
2092 580 2214 646 qua
2280 558 2361 625 de
2422 584 2497 625 re

553 673 850 765 deinceps
891 671 1260 739 videbimus.

647 907 873 999 Qualis
897 918 1105 972 autem
1130 906 1487 995 Augustino
1514 906 1756 972 indoles
1770 904 2015 997 fierit,
2046 930 2125 974 ex
2150 907 2335 975 dictis
2357 912 2490 997 jam

559 1026 777 1115 liquet.
815 1023 892 1089 Id
915 1024 1182 1089 maxime
1201 1023 1684 1107 observandum,
1708 1023 1973 1089 duarum
1993 1025 2279 1115 inprimis
2300 1028 2491 1093 animi

557 1143 922 1209 facultatum
942 1189 962 1226 ,
1011 1138 1507 1207 extraordinario
1554 1140 1751 1207 modo
1780 1164 1847 1207 se
1877 1140 2283 1232 prodentium
2298 1192 2319 1226 ,
2365 1144 2493 1209 sin-

557 1260 835 1351 gularem
859 1258 1046 1348 plane
1071 1273 1256 1346 atque
1271 1258 1735 1349 integerrimam
1762 1260 1831 1325 in
1856 1283 1936 1326 eo
1964 1260 2179 1325 locum
2202 1262 2487 1327 habuisse

561 1375 1074 1461 conjunctionem
1091 1422 1111 1459 ‚
1159 1383 1386 1441 summi
1419 1376 1765 1441 intellectus
1792 1377 2035 1443 scilicet
2060 1393 2247 1466 atque
2267 1376 2492 1443 sensas

559 1494 946 1561 νίνίάίεείηιί.
1025 1476 1200 1559 Haec
1229 1494 1397 1559 enim
1431 1496 1797 1581 conjunctio
1824 1493 2037 1559 effecit
2050 1542 2071 1576 ,
2093 1510 2189 1589 *ut
2218 1496 2491 1561 scholas-

559 1620 720 1679 ticus
752 1614 986 1702 pariter
1020 1629 1206 1701 atque
1247 1614 1554 1699 Mystieus
1576 1634 1691 1677 suo
1719 1614 1859 1699 jure
1880 1634 2159 1676 summus
2188 1610 2491 1679 dicendus

557 1730 660 1795 sit.
729 1729 943 1794 Facile
974 1727 1230 1818 quidem
1257 1729 1622 1819 capiebatur
1644 1752 1859 1793 rerum
1888 1730 2169 1795 sensibus
2190 1731 2491 1817 subjecta-

557 1870 701 1913 rum
735 1846 1081 1929 illecebris,
1129 1844 1300 1911 unde
1333 1868 1559 1936 magna
1595 1849 1739 1933 ejus⁶
1752 1862 1887 1911 erat
1904 1846 2163 1933 juvenili
2183 1847 2490 1937 imprimis

559 1978 764 2029 aetate
805 1962 876 2029 in
923 1985 1180 2029 omnem
1217 1962 1607 2051 voluptatem
1643 1963 1988 2052 propensio
2008 2012 2028 2047 ‚
2076 1965 2179 2029 cui
2214 1980 2280 2030 ct
2315 1963 2493 2031 dedit

557 2104 628 2147 sc
671 2097 874 2147 totum
890 2129 909 2164 ,
958 2103 1267 2171 quamque
1306 2079 1676 2145 difficillime
1719 2080 1979 2147 demum
2009 2082 2263 2148 vincere
2284 2083 2493 2172 potuit

561 2221 638 2263 ac
663 2196 1001 2263 debellare.
1093 2198 1181 2262 At
1203 2198 1325 2261 hac
1349 2198 1605 2261 subacta
1629 2195 1885 2263 tandem
1902 2246 1925 2280 ,
1970 2221 2103 2263 non
2128 2200 2335 2288 potuit
2358 2222 2493 2267 non

557 2314 628 2379 in
653 2313 822 2379 aliud
851 2330 1196 2379 extremum
1225 2336 1407 2379 ruere
1421 2360 1441 2396 ,
1490 2328 1677 2401 atque
1717 2336 1827 2380 sua
1869 2302 2193 2403 phantasia
2230 2314 2485 2399 ductus,

559 2432 937 2523 singularem
985 2431 1160 2497 illam
1209 2430 1595 2521 Theologiae
1642 2406 1831 2519 att¹1ue
1883 2432 2046 2497 vitae
2100 2431 2489 2499 Christianae

559 2549 872 2614 rationem
927 2548 1224 2638 amplecti
1238 2596 1257 2631 ,
1307 2550 1482 2636 cujus
1507 2548 1641 2638 ipsa
1666 2550 1797 2635 ejus
1826 2545 2073 2614 indoles
2100 2564 2165 2615 ct
2199 2572 2360 2637 quae
2384 2572 2489 2615 ex-

561 2670 776 2759 pertus
807 2681 902 2733 est
923 2667 1051 2732 fata
1077 2667 1220 2733 fons
1246 2674 1517 2734 maxime
1560 2676 1785 2733 essent.

651 2786 788 2851 Nec
837 2784 1323 2874 praetereundus
1367 2800 1460 2850 est
1502 2793 1734 2853 nimius
1784 2784 1889 2849 ille
1938 2792 2041 2847 sui
2084 2806 2339 2866 sensus,
2390 2784 2499 2872 qui

564 2902 634 2966 in
672 2900 1021 2990 Augustino
1049 2902 1346 2965 cernitur.
1439 2902 1534 2964 Ex
1564 2923 1643 2964 eo
1678 2886 1847 2966 enim
1872 2916 2020 2964 nata
2048 2916 2142 2963 est
2172 2900 2495 2988 superbia,
2580 2974 2587 2982 ,

569 3015 938 3082 dominandi
965 3015 1272 3103 cupiditas
1305 3030 1368 3081 et
1394 3015 1793 3079 intolerantia
1809 3064 1827 3098 ,
1872 3016 2095 3103 quibus
2116 3014 2354 3080 factum
2370 3064 2391 3100 ,
2426 3034 2502 3083 ut

569 3132 928 3198 Donatistas
963 3132 1244 3196 omnium
1271 3130 1530 3196 minime
1564 3129 1758 3195 ferret
1775 3179 1793 3213 ,
1832 3132 2238 3197 Hierarchiae
2265 3134 2498 3223 quippe

570 3252 908 3317 renitentes
929 3230 1400 3314 Ecclesiasticae
1423 3261 1489 3313 et
1510 3248 1867 3313 auctoritati
1882 3248 2263 3338 Episcopali.

570 3370 634 3435 N
634 3393 720 3434 on
769 3364 1150 3435 omittendus
1189 3363 1443 3453 quidem
1491 3367 1793 3457 ingenuus
1848 3367 1956 3433 ille
2008 3364 2201 3432 animi
2264 3366 2495 3451 ardor,

571 3477 761 3576 quem
792 3487 862 3551 in
887 3482 1283 3551 defendendo
1319 3482 1388 3548 id
1401 3533 1418 3567 ,
1470 3484 1643 3573 quod
1670 3508 1887 3551 verum
1918 3508 2050 3551 esse
2080 3484 2275 3551 semel
2304 3509 2499 3576 agno-

572 3619 749 3669 verat
763 3651 782 3685 ,
797 3673 804 3682 ,
817 3625 936 3667 nec
967 3602 1172 3667 minus
1199 3602 1268 3665 in
1293 3602 1490 3667 salute
1515 3601 1831 3667 Ecclesiae
1852 3602 2217 3668 Catholicae
2244 3625 2499 3692 promo-

572 3716 778 3786 venda
823 3717 1120 3785 ostendit.
1214 3719 1301 3783 At
1349 3742 1477 3807 quo
1523 3720 1727 3783 minus
1770 3718 1961 3785 ardor
2001 3719 2111 3785 ille
2156 3734 2265 3786 aut
2303 3742 2496 3809 purus

520 3827 530 3841 ⁴
575 3861 822 3927 semper
836 3886 854 3920 ,
891 3852 1000 3902 aut
1029 3836 1149 3902 sibi
1179 3851 1469 3901 constans
1502 3852 1659 3902 esset
1673 3885 1692 3921 ‚
1731 3836 1951 3903 eadem
1984 3836 2095 3904 illa
2124 3836 2315 3904 animi
2347 3836 2498 3911 vitia

467 3991 472 3999 ·
572 3958 836 4049 xpultum
859 3954 1148 4022 videntur
1171 3953 1585 4043 prohibuisse.

2750 4882 2887 4931 'qq-1
