2917 4967
1550 344 1595 415 2

629 582 888 647 historia
905 578 1252 645 schismatis
1263 578 1755 663 Donatistarum,
1784 578 1980 645 multa
1995 580 2065 643 in
2085 582 2517 647 controversia
2536 630 2563 663 ,

631 700 834 765 virum
865 698 1046 764 illum
1085 698 1253 763 inter
1289 710 1354 763 et
1379 696 1500 761 hos
1528 696 1759 787 agitata
1774 743 1793 779 ,
1830 695 2052 763 melius
2080 696 2517 787 intelligentur
2534 748 2561 781 ‚

633 832 700 882 et
745 813 828 883 ad
879 816 1084 905 ipsum
1139 810 1577 903 disputationis
1632 828 2065 903 argumentum
2104 828 2331 904 sponte
2360 812 2567 881 duce·

631 956 795 999 mur.
839 934 1066 997 Breves
1091 946 1304 997 tamen
1335 952 1471 997 esse
1503 928 1908 995 studebimus.
1972 930 2137 995 Nam
2174 928 2323 996 data
2360 954 2571 1021 opera

631 1052 886 1139 fuseque
933 1046 1176 1139 singula
1225 1068 1542 1137 exponere
1559 1094 1578 1129 ,
1636 1062 1703 1111 et
1730 1048 1937 1113 minus
1966 1049 2385 1115 necessarium
2414 1065 2515 1115 est
2532 1098 2559 1131 ,

631 1184 692 1231 et
719 1190 756 1231 a
787 1164 1058 1233 consilio
1083 1179 1303 1233 nostro
1327 1162 1623 1231 aliemm.
2410 1180 2415 1187 ·

1520 1404 1678 1479 51.

961 1636 1112 1701 Vita
1161 1648 1226 1699 et
1277 1634 1519 1699 indoles
1568 1632 1817 1698 Aurelii
1857 1636 2219 1723 Augwtini.

720 1871 1055 1937 Annuus
1089 1888 1485 1935 sucusrnus
1518 1888 1687 1934 auno
1711 1890 1840 1934 aer.
1862 1868 2091 1935 Christ.
2110 1868 2237 1951 354
2258 1870 2568 1962 Tagastae

637 2003 816 2054 natus
837 2002 932 2053 est
956 1983 1290 2051 Numidiae
1317 1985 1476 2051 urbe
1493 2032 1513 2069 ‚
1546 2000 1727 2075 patre
1753 1986 1971 2075 gentili
1984 2033 2004 2070 ‚
2036 2002 2237 2053 matre
2264 1988 2563 2054 Christia-

635 2128 739 2171 na.
777 2104 894 2171 Ille
917 2118 1128 2169 tamen
1151 2116 1372 2191 postea
1397 2100 1769 2193 religionem
1802 2102 2217 2169 Christianam
2240 2104 2561 2196 amplexus

636 2236 751 2288 est.
817 2220 1022 2285 Mater
1035 2266 1055 2303 ,
1086 2220 1347 2284 Mom'ca
1373 2218 1632 2284 nomine
1667 2265 1686 2301 ,
1730 2218 2083 2285 Christiana
2104 2220 2338 2310 pietate
2369 2224 2564 2289 maxi·

637 2360 899 2431 mopere
923 2336 1290 2403 excellebat.
1339 2336 1628 2401 Materna
1652 2359 1800 2427 erga
1824 2336 2023 2403 filium
2048 2340 2308 2405 caritate
2333 2338 2559 2423 ducta,

638 2482 677 2523 a
729 2457 962 2523 teneris
1011 2452 1162 2521 inde
1205 2477 1350 2522 eum
1392 2454 1643 2545 pietatis
1678 2476 1753 2521 ac
1785 2454 2029 2519 virtutis
2059 2454 2270 2522 studio
2300 2456 2556 2543 imbuit,

639 2590 826 2663 atque
877 2596 1135 2639 omnem
1181 2568 1356 2637 dedit
1399 2594 1661 2662 operam
1674 2619 1694 2656 ‚
1724 2586 1797 2636 ut
1820 2570 2097 2637 animum
2128 2575 2261 2661 ejus
2290 2596 2561 2666 propen-

637 2714 773 2757 sum
804 2691 874 2756 in
902 2689 1275 2781 religionem
1304 2688 1724 2755 Christianam
1754 2686 2071 2755 redderet.
2129 2690 2193 2755 N
2192 2713 2268 2757 ec
2302 2693 2559 2759 omnino

641 2808 905 2890 fmstra3
959 2828 1108 2871 nam
1165 2828 1312 2871 cum
1343 2803 1547 2871 adhuc
1576 2828 1737 2897 puer
1763 2805 1833 2871 in
1864 2806 2159 2873 morbum
2186 2830 2439 2899 gravem
2467 2810 2559 2877 in-

643 2922 894 2989 cidisset
914 2968 934 3005 ,
980 2921 1115 3010 ipse
1165 2919 1350 3011 petiit
1369 2967 1388 3002 ,
1427 2936 1499 2984 ut
1526 2920 1778 2987 lavacro
1812 2921 2166 3012 baptismali
2195 2925 2555 3017 tingeretur.

489 3078 504 3087 ,
643 3040 734 3105 At
761 3059 914 3103 vero
943 3058 1090 3101 cum
1126 3035 1302 3101 brevi
1330 3051 1479 3127 post
1507 3037 1953 3123 convaluisset,
1990 3057 2290 3110 monente
2327 3060 2523 3111 matre
2537 3094 2557 3131 ‚

641 3158 834 3223 ritum
861 3154 1040 3220 illum
1057 3201 1077 3238 ‚
1108 3176 1229 3246 pro
1259 3152 1524 3219 istorum
1557 3168 1915 3245 temporum
1947 3180 2128 3225 more
2142 3206 2162 3243 ,
2192 3157 2452 3227 distulit.

721 3273 932 3340 Ferox
975 3286 1110 3337 erat
1157 3292 1357 3360 puero
1381 3269 1627 3337 indoles
1644 3319 1664 3356 ,
1704 3294 1891 3362 quam
1920 3274 2253 3364 prudentia
2283 3300 2359 3345 ac
2392 3302 2560 3345 man-

641 3389 966 3461 suetudine
997 3390 1197 3457 lenire
1229 3404 1432 3455 mater
1478 3387 1736 3457 studuit.
1830 3392 2020 3459 Bonis
2052 3394 2242 3460 etiam
2271 3396 2468 3463 literis
2494 3413 2561 3463 ut

642 3527 886 3577 mature
938 3506 1290 3576 erudiretur
1306 3555 1326 3592 ‚
1385 3509 1689 3575 curabant
1713 3524 2025 3599 parentes.
2104 3510 2327 3601 Neque
2356 3528 2561 3582 tamen

643 3628 826 3693 initio
859 3626 1196 3717 placebant
1226 3626 1288 3692 ei
1324 3624 1529 3691 mdia
1560 3628 1908 3693 severiora:
1941 3628 2181 3695 animus
2206 3630 2375 3697 enim
2404 3646 2557 3699 totus

641 3746 710 3811 in
733 3742 896 3810 ludis
937 3760 1072 3810 erat
1093 3791 1112 3826 ,
1141 3759 1208 3810 et
1235 3744 1306 3811 in
1323 3744 1594 3810 'victoria
1622 3765 1661 3810 a
1686 3742 2129 3835 condiscipulis
2158 3748 2547 3838 reportanda.

641 3860 853 3945 Quare
879 3883 918 3928 a
943 3861 1308 3951 parentibus
1333 3860 1701 3927 Madauram
1730 3861 2029 3948 mittitur,
2066 3866 2383 3931 civitatem
2410 3866 2550 3930 vici-

639 4002 781 4047 nam
798 4030 816 4063 ,
857 3996 928 4045 ut
951 3978 1146 4044 literis
1178 4000 1438 4067 operam
1470 3976 1671 4043 daret.
1749 3978 1873 4045 Hic
1904 3984 2207 4067 maiorem
2242 3981 2551 4048 Gramma·
