2917 4967
23 428 34 501 —-
23 346 34 409 *-

1348 372 1439 441 95

429 604 754 671 consulere
796 604 1176 695 negligentes
1191 650 1210 685 ,
1267 626 1388 669 nec
1439 604 1827 671 attendentes
1844 652 1863 687 ,
1910 622 2122 673 utrum
2162 630 2344 697 pm..

429 738 612 813 cepta
627 771 646 806 ,
683 745 838 810 quae
873 746 952 788 ex
969 722 1046 786 iis
1077 722 1481 805 hauriebant,
1505 723 1721 811 primis
1740 738 1983 795 tantum
2003 725 2345 791 lectoribus

427 839 577 907 data
591 888 610 923 ,
646 841 938 929 casuique
966 837 1216 907 cuidam
1256 842 1368 905 ‘aut
1397 854 1753 929 temporum
1784 838 2135 907 conditioni
2166 842 2351 933 adap·
2466 860 2474 871 ·

427 972 558 1023 tata
598 958 752 1039 sint;
811 980 890 1023 an
945 979 1099 1023 vero
1142 970 1426 1045 spectent
1466 979 1685 1049 omnes
1736 958 2117 1025 Christianos
2170 962 2347 1025 omni

429 1096 582 1139 aevo
607 1077 893 1141 universe
923 1096 998 1139 ac
1026 1096 1400 1162 quacunque
1427 1074 1497 1139 in
1524 1072 1891 1140 conditione
1914 1076 2039 1141 sint
2062 1077 2301 1165 positi.-

514 1191 920 1257 Perhibentes
942 1207 1154 1257 antem
1161 1191 1563 1257 Donatistae:
1593 1192 1963 1276 Ecclesiam,
1988 1194 2107 1259 nisi
2128 1216 2345 1283 pecca·

430 1324 674 1375 catores
725 1312 800 1375 ea
847 1310 1206 1396 ejiciantur,
1265 1310 1614 1375 sanctitatis
1666 1310 1966 1375 virtutem
2014 1313 2301 1379 amittere
2320 1360 2339 1394 ‚

428 1450 560 1493 non
593 1426 1004 1493 distinxerunt
1040 1424 1356 1515 duplicem
1380 1426 1701 1493 Ecclesiae
1729 1428 2087 1495 notionem:
2139 1444 2345 1495 exter·

427 1567 575 1608 nam
619 1559 684 1609 et
731 1552 1074 1622 internam,
1129 1543 1258 1608 sive
1301 1542 1605 1607 visibilem
1640 1558 1705 1608 et
1734 1546 2102 1611 invisibilem
2127 1548 2345 1635 Eccle-

425 1662 582 1725 siam
599 1707 620 1742 ‚
655 1659 767 1725 sed
793 1676 1124 1747 utramque
1157 1658 1577 1725 confuderunt
1608 1683 1684 1725 ac
1717 1678 2180 1750 permutarunt.
2223 1665 2343 1729 Ec-

426 1778 660 1843 clesiae·
697 1778 866 1843 enim
904 1777 1131 1843 visibili
1171 1777 1589 1843 attribuerunt
1630 1778 1926 1845 virtutem
1943 1828 1963 1863 ,
2010 1804 2171 1869 quae
2214 1806 2350 1849 non

429 1896 548 1960 nisi
594 1896 893 1962 invisibili
929 1894 1324 1961 attribuenda
1349 1912 1520 1980 erat3
1566 1898 1667 1961 vel
1694 1906 1876 1985 parti
1910 1899 2349 1966 tanmmmodo

429 2013 690 2079 visibilis
698 2038 728 2096 ,·
754 2014 1076 2079 invisibilis
1111 2013 1284 2079 enim
1305 2014 1464 2079 socii
1493 2012 1576 2079 ad
1602 2015 1913 2082 visibilem
1946 2019 2138 2083 etiam
2161 2020 2351 2107 perti*

427 2148 612 2215 nent,
657 2155 794 2197 non
837 2154 994 2197 vero
1035 2132 1219 2218 hujus.
1261 2154 1483 2197 omnes
1532 2131 1614 2197 ad
1651 2134 1850 2200 illam.
1939 2135 2041 2199 Illi
2070 2152 2343 2201 tannim-

427 2248 622 2314 modo
659 2250 918 2315 visibilis
949 2250 1268 2315 Ecclesiae
1291 2250 1448 2315 socii
1482 2247 1563 2314 ad
1588 2250 1963 2317 invisibilem
1990 2255 2346 2343 pertinent,

430 2369 539 2456 qui
561 2390 708 2433 vere
733 2368 1068 2433 Christiani
1097 2382 1261 2432 sunt.
1342 2365 1620 2431 visibilis
1647 2368 1929 2433 Ecclesia
1943 2417 1963 2453 ,
2011 2392 2177 2457 quae
2199 2370 2353 2435 solis

427 2486 655 2550 sanctis
681 2500 927 2549 constat
941 2532 961 2568 ‚
992 2485 1164 2551 hisce
1185 2484 1256 2547 in
1279 2483 1466 2547 terris
1489 2483 1751 2549 existere
1770 2486 2007 2572 nequit.
2072 2484 2349 2567 Quinam-

430 2604 600 2670 enim
621 2626 767 2668 vere
791 2604 918 2668 sint
939 2603 1172 2685 sancti,
1201 2600 1370 2666 solus
1393 2601 1565 2665 Dens
1592 2602 1747 2685 scit,
1776 2601 1989 2667 cordis
2003 2619 2349 2693 perscruta..

428 2736 630 2803 tator-3
677 2744 810 2787 non
838 2742 991 2785 vero
1014 2720 1303 2785 homines
1318 2767 1337 2802 ,
1370 2720 1602 2809 quippe
1632 2723 1837 2785 errori
1862 2721 2142 2787 obnoxii.
2214 2722 2349 2787 Do·

431 2839 695 2903 natistae
718 2838 838 2928 ipsi
861 2837 1043 2903 fateri
1067 2838 1273 2904 coacti
1297 2853 1479 2920 sunt,
1504 2838 1791 2903 homines
1813 2838 2157 2927 perfectam
2180 2861 2357 2929 sepse<

428 2957 740 3023 rationem
763 2955 1240 3045 hypocritarum
1261 2978 1300 3020 a
1316 2956 1452 3021 veri
1470 2956 1741 3019 nominis
1758 2956 2122 3021 Christianis
2139 2956 2355 3023 facere

425 3096 558 3139 non
593 3097 778 3165 posse
794 3122 814 3156 ,
860 3071 1156 3161 idemque
1189 3096 1302 3139 suo
1344 3074 1601 3163 insuper
1642 3072 1929 3162 exemplo
1974 3072 2352 3141 docuerunt.

429 3190 497 3255 Si
519 3208 732 3257 autem
766 3190 1183 3281 hypocritae
1165 3214 1236 3254 m
1258 3190 1541 3257 Ecclesia
1577 3190 1771 3255 latere
1807 3206 2101 3281 possunt,
2144 3207 2216 3256 ut
2258 3192 2351 3257 fa

429 3322 642 3375 tentur
663 3309 758 3373 illi
772 3356 791 3391 ,
827 3316 964 3373 non
985 3307 1173 3373 video
1187 3355 1207 3391 ‚
1242 3305 1467 3395 quidm
1498 3307 1655 3373 boni
1680 3307 1779 3373 his
1831 3309 2022 3373 etiam
2051 3310 2358 3373 contami·

427 3441 656 3489 nentur
669 3471 690 3507 ‚
739 3442 928 3513 atque
967 3442 1308 3515 propterea
1342 3425 1627 3493 Ecclesia
1669 3425 2013 3491 sanctitatis
2052 3426 2359 3491 virtutem.

429 3541 696 3604 annittat.

511 3656 713 3720 Recte
753 3656 880 3720 hoc
933 3654 1092 3721 vidit
1127 3656 1505 3745 Augustinus
1523 3703 1546 3740 ,
1590 3672 1779 3745 atque
1812 3658 2081 3725 feliciter
2116 3674 2349 3726 contra

427 3772 788 3838 Donatistas
811 3770 1084 3860 disputat
1099 3819 1119 3855 ‚
1166 3771 1436 3854 docens,
1483 3795 1789 3859 nusquam
1819 3774 1891 3839 in
1910 3775 2135 3843 litteris
2156 3778 2357 3843 sacris

432 3890 560 3956 dici
585 3914 663 3956 ex
687 3889 834 3956 solis
859 3889 1087 3953 sanctis
1107 3904 1408 3954 constare
1444 3889 1672 3961 Christi
1715 3890 2063 3957 Ecclesiam
2078 3940 2097 3975 ,
2127 3915 2347 3957 verum

428 4034 462 4073 e
525 4008 840 4073 contrario
907 4030 984 4073 ex
1042 4006 1226 4071 bonis
1287 4006 1594 4099 ‚malisque
1664 4008 2055 4088 commixti-⁴33
2098 4008 2347 4097 'merito
