2917 4967
1335 395 1465 468 101

349 716 354 721 ⁸
421 634 670 701 mines?
726 624 956 699 Nonne
991 634 1083 696 ita
1118 634 1220 717 jus
1249 630 1372 696 Dei
1412 627 1685 695 laeditur
1712 644 1779 695 et
1806 630 2205 721 sacrilegium
2230 634 2348 697 fit?

418 752 650 817 Poenis
666 750 824 817 dicit
833 749 1214 840 Augustinus
1225 748 1515 813 homines
1530 770 1568 811 a
1580 746 1745 812 male
1758 746 2003 839 agendo
2018 738 2344 817 deterreri.

417 866 620 935 Recte
667 866 945 956 quidem.
1047 864 1395 955 Propterea
1441 864 1711 931 civitatis
1764 881 1890 950 est,
1950 890 2170 939 cavere
2185 916 2205 953 ‚
2267 892 2350 936 ne

421 986 660 1051 malum
682 999 1003 1075 erumpat;
1030 1006 1166 1048 non
1181 1005 1335 1049 vero
1355 984 1675 1049 internum
1694 983 1887 1047 animi
1908 1008 2157 1051 sensum
2182 1010 2353 1053 com-

351 1108 358 1115 ’
421 1105 680 1193 pescere
705 1118 772 1169 et
797 1101 1103 1186 adfidem
1127 1123 1381 1191 cogere.
1475 1099 1908 1191 Quapropter,
1947 1125 2095 1169 cum
2120 1127 2200 1169 ex
2226 1128 2305 1170 eo
2324 1154 2345 1187 ,

421 1218 598 1309 quod
635 1221 925 1287 facinora
975 1218 1242 1285 civitatis
1280 1217 1525 1308 legibus
1562 1219 1904 1307 puniantur
1920 1267 1940 1303 ,
1986 1220 2345 1311 sacrilegia,

421 1337 470 1404 i·.
499 1361 561 1405 e.
587 1340 920 1403 schismata
937 1351 1002 1403 et
1014 1338 1302 1403 haereses
1318 1383 1338 1420 ‚
1365 1335 1444 1401 iis
1461 1336 1654 1401 etiam
1665 1337 1877 1425 puniri
1896 1335 2127 1403 dehere
2145 1337 2351 1405 effice-

421 1471 544 1540 ret,
577 1457 802 1521 tribuit
817 1455 1081 1538 civitati,
1113 1451 1289 1542 quod
1307 1453 1502 1517 solius
1518 1453 1641 1518 Dei
1659 1468 1775 1519 est.
1822 1453 2141 1521 Provocat
2158 1457 2353 1523 etiam

422 1571 508 1638 ad
543 1572 900 1661 exemplum
933 1572 1127 1661 patris
1143 1586 1176 1654 ,‘
1212 1570 1415 1655 filium
1439 1568 1708 1635 subinde
1741 1572 2097 1661 castigantis
2112 1620 2131 1655 ,
2176 1588 2249 1637 ut
2272 1561 2373 1639 ad'

423 1689 756 1755 meliorem
775 1688 1023 1778 frugem
1056 1710 1202 1753 eum
1231 1685 1527 1753 adducat.
1589 1687 1679 1752 At
1703 1710 1858 1754 vero
1875 1735 1896 1771 ‚
1938 1711 2021 1753 an
2042 1690 2167 1755 alia
2185 1691 2354 1757 inter

422 1808 714 1873 homines
736 1804 1132 1872 necessitudo
1159 1803 1375 1889 datur,
1405 1804 1851 1871 necessitudini
1872 1824 2164 1897 parentes
2192 1811 2359 1876 inter

424 1940 492 1992 et
523 1926 760 1991 liberos
800 1922 1066 1989 similis?
1131 1924 1358 1989 Monet
1388 1922 1645 2013 quidem
1676 1924 2057 2016 Augustinus
2074 1974 2095 2010 ‚
2144 1930 2360 2005 omnia

422 2065 503 2111 ex
556 2043 818 2107 caritate
859 2041 997 2107 fieri
1050 2040 1304 2107 dehere.
1397 2041 1487 2105 At
1540 2064 1806 2129 quaeso:
1862 2066 2193 2134 semperne
2234 2046 2358 2111 sibi

348 2212 358 2215 -
423 2176 783 2227 constantes
815 2173 962 2225 sunt
994 2158 1284 2231 homines
1301 2206 1321 2241 ,
1369 2181 1576 2247 neque
1614 2183 1893 2248 unquam
1922 2164 2129 2252 pravis
2162 2164 2358 2227 animi

424 2278 756 2344 affectibus
789 2275 938 2341 duci
981 2298 1050 2341 se
1086 2274 1454 2363 patiuntur?
1485 2311 1575 2329 —-
1605 2273 1781 2356 Quid
1806 2292 2135 2366 praeterea
2163 2294 2260 2345 est
2286 2280 2359 2344 il-

421 2392 568 2461 lud:
615 2395 856 2465 bonam
879 2414 1022 2457 rein
1052 2391 1340 2456 obtinere
1362 2390 1527 2456 velle
1551 2391 1801 2456 ratione
1824 2416 2115 2481 perversa
2132 2393 2163 2457 i·

457 2566 466 2577 .
509 2508 772 2575 Frustra
797 2521 1111 2600 provocat
1138 2505 1523 2596 Augustinus
1556 2505 1639 2573 ad
1664 2510 1980 2597 exempla,
2012 2532 2172 2597 quae
2202 2510 2358 2577 offe-

405 2642 577 2697 runt
612 2625 860 2691 Veteris
883 2624 938 2689 F
939 2622 1188 2689 oederis
1211 2622 1383 2689 libri.
1473 2622 1539 2688 N
1537 2623 1765 2714 eglexit
1789 2626 1959 2691 enim
1990 2626 2313 2694 attendere
2328 2678 2351 2711 ,

425 2741 600 2833 quod
637 2744 804 2823 hene
843 2739 1184 2807 tenendum
1222 2762 1357 2807 esse
1400 2741 1536 2831 ipse
1583 2756 1771 2807 antea
1809 2744 2059 2809 monuit
2094 2742 2223 2834 (1),
2271 2746 2356 2812 ad

425 2860 764 2927 discrimen
777 2860 811 2943 ‚'
846 2858 1022 2947 quod
1057 2858 1305 2922 obtinet
1327 2858 1702 2949 religionem
1728 2859 1897 2924 inter
1916 2860 2263 2937 Mosaicam
2290 2879 2357 2929 et

423 2977 864 3043 Christianam.
965 2976 1042 3040 In
1072 2974 1185 3039 illa
1227 2973 1399 3039 enim
1436 2998 1584 3039 cum
1628 2974 1965 3064 peculiaris
2004 2978 2358 3045 theocratia

424 3107 790 3161 cerneretur
804 3140 824 3176 ,
871 3092 1095 3183 religio
1142 3092 1447 3182 peculiari
1480 3094 1728 3159 ratione
1766 3116 1913 3159 cum
1944 3095 2196 3162 civitate
2220 3114 2357 3166 erat

329 3224 340 3229 ’
425 3194 786 3300 conjimcta.
878 3208 943 3275 N
943 3232 1031 3275 on
1053 3233 1207 3276 vero
1226 3210 1320 3276 ita
1349 3210 1575 3301 religio
1605 3211 1977 3277 Christiana.

511 3329 678 3393 Cum
697 3343 908 3393 autem
933 3350 1012 3393 ex
1023 3328 1218 3393 Novo
1233 3327 1424 3393 etiam
1444 3326 1732 3393 Foedere
1752 3344 2186 3421 argumentum
2208 3352 2356 3421 pro-

428 3444 554 3514 fert
568 3492 590 3526 ,
657 3444 996 3509 infeliciter
1046 3468 1186 3510 rem
1237 3446 1388 3535 agit.
1503 3444 1869 3510 Provocans
1921 3446 2218 3511 nimirum
2273 3449 2353 3514 ad

321 3572 334 3577 ’
428 3561 583 3625 Luc.
608 3558 785 3627 XIV.
818 3560 901 3625 23
922 3607 941 3644 ,
983 3584 1103 3627 nec
1129 3559 1212 3625 ad
1239 3558 1549 3627 diversam
1571 3563 1751 3627 verbi
1780 3564 2150 3645 ἀναγκάζειν
2172 3566 2356 3655 signi-

427 3662 794 3742 ficationem
810 3723 830 3760 ‚
859 3698 982 3741 nec
999 3675 1082 3741 ad
1098 3676 1400 3743 orationis
1418 3692 1783 3745 contextum
1803 3681 2102 3765 attendit,
2136 3704 2353 3748 verum

423 3794 612 3860 sonui
635 3791 834 3859 modo
862 3795 1203 3860 verborum
1225 3792 1528 3861 adhaesit.

482 4074 568 4139 (ι)
601 4074 690 4140 iip.
723 4071 790 4123 ⁴5
820 4072 844 4137 ς
884 4072 966 4125 ιο.
