2917 4967
1385 335 1479 409 30

487 597 735 645 con-tn
759 596 1164 659 nonanus,
1181 574 1284 641 vel
1308 574 1501 641 etiam
1528 572 1611 641 de
1636 596 1913 641 omnm
1943 596 2281 643 ncctnsua
2309 600 2405 646 m·

405 748 414 755 .
485 718 610 761 nnn
637 717 822 760 uuus.
854 694 1310 785 Argumentum
1337 694 1521 779 hujus
1547 692 1866 783 Epistolae
1894 710 2174 760 versatur
2200 693 2268 761 in
2298 697 2407 763 de-

489 810 768 879 finiendo
783 858 803 894 ,
818 812 930 875 ubi
953 812 1032 875 sit
1043 810 1346 876 Ecclesiae
1377 832 1529 875 num
1557 809 1723 899 apud
1732 810 2090 877 Catholicos
2108 860 2127 896 ,
2150 836 2233 877 an
2255 836 2409 883 vero

495 929 667 1023 apud
695 928 1072 995 Donatistas.
1166 928 1310 993 Hac
1345 928 1415 991 in
1453 950 1525 993 re
1559 928 1706 993 solis
1724 928 1921 993 utitur
1946 928 2015 995 S.
2048 928 2415 1023 scripturae

493 1048 884 1116 testimoniis.
983 1046 1076 1117 Ex
1116 1045 1273 1111 locis
1320 1046 1509 1137 igitur
1556 1066 1699 1111 cum
1730 1045 1974 1111 Veteris
1994 1094 2013 1131 ,
2060 1062 2197 1113 tum
2240 1046 2411 1114 Novi

492 1167 547 1233 F
549 1166 792 1235 oederis
815 1163 1064 1230 efficere
1091 1180 1376 1247 conatur,
1406 1163 1753 1229 Ecclesiam
1776 1164 2003 1229 Christi
2027 1184 2243 1231 veram
2270 1188 2412 1231 eam

494 1308 625 1351 esse
640 1332 658 1366 ,
708 1306 868 1371 quae
895 1297 1034 1347 toto
1060 1296 1367 1346 terrarum
1395 1282 1553 1345 orbe
1579 1279 1805 1346 diffusa
1831 1297 1946 1348 est.
2021 1283 2192 1347 Loca
2217 1306 2371 1349 vero
2385 1333 2406 1367 ‚

498 1422 658 1490 quae
700 1424 737 1465 a
764 1400 1107 1489 Donatistis
1135 1422 1253 1488 pro
1287 1422 1400 1464 sua
1425 1421 1609 1463 causa
1645 1398 1863 1463 afferri-
1886 1396 2173 1467 solebant
2186 1448 2205 1484 ,
2252 1402 2410 1467 nihil

495 1520 772 1609 probare
822 1517 1124 1601 ostendit,
1174 1518 1403 1606 quippe
1449 1540 1609 1604 quae
1668 1516 1959 1609 ambigua
2011 1518 2135 1582 sint
2191 1542 2265 1584 ac
2316 1518 2415 1583 in-
2508 1528 2517 1535 ’

499 1652 694 1703 certa.
741 1636 906 1699 Data
925 1636 1256 1701 occasione
1269 1635 1741 1699 Donatistarum
1762 1634 2130 1699 calmmiae
2144 1682 2163 1718 ,
2185 1637 2427 1723 quibus

498 1754 860 1819 Catholicos
881 1752 1178 1842 petebant
1199 1801 1217 1836 ,
1246 1752 1615 1819 refutantur.
1706 1752 1881 1816 Dicit
1910 1775 1977 1817 se
1996 1752 2163 1817 hanc
2184 1754 2419 1840 episto·

403 1952 410 1958 ὁ
500 1870 630 1935 lam
669 1870 980 1958 scripsisse
1027 1869 1110 1934 ad
1157 1869 1519 1934 Catholicos
1532 1916 1555 1951 ‚
1600 1884 1675 1933 ut
1714 1882 1958 1935 morem
1994 1869 2285 1935 Petiliani
2322 1894 2419 1937 se·-

505 2004 798 2077 queretur
813 2036 831 2071 ,
889 1988 996 2076 qui
1044 2010 1218 2052 suam
1263 1986 1595 2077 epistolam
1642 1984 1723 2051 ad
1762 1988 2122 2053 Donatistae
2162 1988 2420 2077 scripse·-

503 2120 604 2171 rat
647 2104 764 2195 (1).
812 2138 899 2153 --·
938 2105 1324 2179 Permultum
1366 2104 1525 2169 lucis
1570 2105 1761 2169 etiam
1806 2105 1934 2171 hoc
1972 2126 2131 2195 opus
2166 2116 2419 2171 contro·-

505 2224 744 2289 versiae
772 2238 1138 2312 argumento
1169 2219 1436 2287 affimdit
1464 2220 1583 2311 (a).

1389 2460 1533 2537 §4-

595 2696 756 2760 Cum
803 2696 963 2761 haec
1007 2695 1196 2785 igitur
1241 2695 1388 2759 satis
1447 2694 1647 2759 multa
1694 2692 1994 2760 scriberet
2012 2741 2031 2777 ‚
2080 2689 2203 2761 alia
2238 2696 2429 2761 etiam

510 2812 614 2877 via
639 2811 722 2877 ad
741 2813 1135 2901 propositum
1157 2811 1485 2901 pervenire
1514 2826 1773 2877 conatus
1794 2827 1908 2877 est.
2001 2810 2243 2879 Eodem
2261 2816 2429 2879 enim

509 2946 795 3019 tempore
830 2926 1070 3017 Synodi
1097 2929 1577 2993 celebrabantur
1590 2976 1610 3012 ‚
1657 2945 1729 2993 ut
1760 2930 2226 3013 consuleretur,
2274 2951 2427 3019 quo-

513 3046 710 3120 modo
761 3047 1125 3110 Donatistae
1179 3067 1323 3110 curn
1371 3044 1653 3111 Ecclesia
1688 3046 2105 3111 ‘reconciliari
2151 3062 2424 3137 possent.

513 3166 702 3230 Anno
747 3168 830 3243 40
843 3187 869 3228 1
922 3162 1080 3228 duae
1128 3153 1505 3253 Carthagine
1552 3164 1803 3230 habitae
1848 3180 1991 3229 sunt
2006 3212 2026 3247 ,
2073 3166 2141 3229 in
2168 3166 2390 3253 quibus
2409 3215 2425 3247 ‚

515 3280 668 3371 quid
706 3304 820 3346 sua
864 3281 1236 3347 auctoritate
1279 3297 1346 3346 et
1371 3282 1646 3371 micitia
1660 3268 1697 3364 ,³
1726 3301 1915 3370 quam
1962 3298 2108 3349 cum
2132 3284 2391 3349 Aurelio
2408 3333 2427 3363 ,

519 3399 626 3487 qui
653 3396 960 3463 Praesidis
976 3421 1234 3463 munere
1256 3398 1650 3488 fungebatur,
1688 3384 1965 3481 colebat}
1996 3400 2279 3466 effecerit
2304 3403 2431 3464 Au-

575 3686 656 3751 (1)
687 3686 847 3751 Hujus
879 3686 972 3752 op.
1011 3684 1044 3752 §
1084 3688 1131 3735 1.

577 3770 656 3837 (2)
689 3770 835 3821 Nulla
871 3769 934 3819 de
967 3769 1065 3819 hoc
1099 3784 1250 3836 opere
1285 3770 1475 3842 mentio
1507 3768 1567 3818 fit
1597 3770 1651 3819 in
1670 3770 1936 3833 Augustini
1954 3770 2442 3830 Retractetionibus‚

699 3850 834 3901 unde
865 3850 1073 3902 subinde
1105 3852 1328 3916 spurium
1355 3868 1386 3902 a
1417 3852 1537 3902 viris
1566 3850 1733 3902 doctis
1756 3852 1982 3903 habitum
1998 3862 2094 3904 est.
2146 3856 2214 3904 At
2234 3855 2445 3905 sortasse

699 3949 849 3985 causa
877 3934 1160 3997 quaerenda
1187 3939 1265 3984 est
1296 3936 1349 3985 in
1377 3950 1438 3985 eo
1457 3969 1473 3996 ,
1506 3934 1641 3999 quod
1656 3936 1903 4001 Epistulae
1919 3938 2080 3989 forma
2099 3933 2340 4004 sci-inuam
2359 3939 2443 3990 sit.

703 4019 782 4071 Cf.
822 4016 1094 4068 admonitio
1128 4018 1480 4068 lon-chotun:
1517 4018 1951 4070 Benedictinorum
1988 4020 2049 4070 ad
2076 4020 2110 4069 h
2162 4019 2261 4086 Ops
