2917 4967
1336 392 1420 464 13

431 656 572 699 rare
607 630 1146 721 inaugurationem
1170 626 1510 693 Caeciliani
1524 674 1544 709 ,
1582 648 1703 691 nec
1728 625 2095 715 praestolari
2120 598 2348 694 adven-

413 744 575 829 ‚tum'
615 750 1075 839 Episcoporum
1128 743 1612 811 Numidicorum
1625 793 1645 828 ‚
1697 746 1805 833 qui
1844 760 2057 811 tamen
2100 746 2350 819 ordina-

429 869 590 933 tioni
637 889 884 954 semper
933 864 1148 929 adesse
1193 863 1502 928 solebant.
1588 861 1694 927 -Hi
1730 885 1883 927 vero
1915 864 2355 953 Carthaginem

429 1010 574 1051 cum
618 987 929 1051 venissent
944 1030 963 1066 ,
1019 982 1362 1073 aegerrime
1391 982 1519 1046 hoc
1564 981 1861 1047 tulerunt.
1932 980 2355 1047 Caecilianum

425 1104 808 1192 Episcopum
831 1122 1170 1191 agnoscere
1189 1113 1576 1181 recusarunt,
1596 1120 1845 1163 causam
1858 1096 2352 1186 interponentes,

431 1244 469 1284 a
493 1218 798 1284 traditore
827 1217 1061 1282 factam
1085 1215 1424 1281 Caeciliani
1452 1212 1937 1279 ordinationem.
2009 1210 2360 1303 Respondit

433 1336 690 1425 quidem
720 1335 1106 1400 Caecilianus
1123 1382 1143 1417 ,
1175 1356 1286 1397 sua
1307 1332 1673 1397 innocentia
1696 1331 1922 1396 frenis:
1950 1339 2045 1395 »si
2070 1344 2169 1395 est
2192 1330 2365 1421 quod

429 1462 497 1517 in
539 1477 638 1517 me
679 1452 1006 1541 probetur,
1057 1464 1252 1515 exeat
1291 1462 1625 1513 accusator
1660 1461 1729 1513 et
1768 1448 2069 1537 probet.”
2151 1447 2361 1514 Nemo

433 1592 586 1635 vero
613 1568 873 1659 prodiit.
949 1569 1113 1633 Tum
1139 1566 1527 1633 Caecilianus
1568 1588 1635 1631 se
1658 1565 1735 1631 iis
1760 1564 1841 1631 de
1866 1588 2034 1629 novo
2067 1564 2365 1631 ordinan-

435 1685 589 1751 dum
632 1687 894 1769 obtulit,
945 1702 1010 1752 at
1061 1686 1327 1767 frustra3
1382 1684 1765 1749 tumultuosa
1808 1683 1979 1749 enim
2022 1706 2183 1749 voce
2217 1706 2363 1749 eum

434 1802 825 1870 dimiserunt.
906 1804 1264 1893 Major-inus
1313 1802 1519 1867 lector
1532 1850 1551 1885 ,
1605 1801 1984 1867 domesticus
2040 1802 2313 1867 Lucillae
2335 1850 2355 1885 ,
2398 1795 2401 1801 ’

434 1923 514 1987 ab
560 1922 636 1987 iis
661 1922 1006 2012 Episcopus
1049 1920 1397 2004 ordinatur,
1429 1944 1504 2007 ac
1534 1920 1875 1986 concilium
1906 1944 1991 2009 70
2012 1922 2359 2011 Episcopo·-

434 2064 576 2133 rum
583 2038 1062 2106 Numidicorum
1076 2088 1095 2122 ,
1110 2039 1488 2129 Carthagine
1522 2039 1927 2121 celebratum,
1941 2039 2365 2105 Caecilianum

433 2180 513 2222 ex
532 2158 848 2223 Ecclesiae
872 2158 1318 2223 communione
1342 2156 1530 2243 ejecit
1543 2204 1563 2239 ,
1592 2157 1889 2244 quoniam
1910 2179 1977 2221 se
2003 2180 2040 2221 a
2060 2155 2365 2223 traditore

433 2270 713 2339 ordinari
758 2274 1145 2363 permiserat.
1238 2274 1326 2337 Ut
1366 2296 1521 2339 vero
1541 2274 1663 2339 hac
1692 2272 1772 2339 de
1800 2296 1872 2339 re
1898 2274 2197 2339 certiores
2222 2272 2361 2339 red-

439 2389 618 2455 deret
646 2407 996 2456 ceterarum
1027 2391 1280 2455 Africae
1310 2390 1776 2479 provinciarum
1804 2390 2151 2478 Episcopus
2164 2438 2183 2472 ,
2220 2412 2367 2477 qua-

440 2529 805 2593 quaversum
843 2506 1081 2571 litteras
1139 2507 1331 2571 misit.
1388 2544 1478 2556 -
1529 2504 1635 2570 Sic
1688 2506 1978 2593 prorupit
2006 2506 2272 2571 schisma
2302 2521 2367 2573 et

438 2622 508 2687 in
532 2594 684 2685 duas
706 2636 914 2709 partes
938 2620 1136 2687 divisa
1170 2638 1263 2687 est
1291 2621 1571 2687 Ecclesia
1597 2622 1917 2687 Africana.

528 2737 706 2803 Haec
753 2736 834 2802 de
879 2738 1122 2827 origine
1153 2738 1531 2821 schismatis,
1560 2761 1729 2803 nunc
1754 2738 2029 2805 breviter
2050 2742 2187 2828 ejus
2206 2741 2367 2831 sitta

440 2878 884 2946 persequemur
909 2853 1030 2946 (1).

526 2973 1010 3043 Consi-Annuus
1035 2994 1184 3037 cum
1197 2972 1398 3054 ,victo
1409 2971 1755 3056 Maxentio,
1786 2996 1953 3038 anno
1972 2973 2098 3039 313
2113 2974 2366 3041 Africae

437 3090 668 3155 latinae
716 3090 908 3155 etiam
955 3088 1246 3153 dominus
1301 3088 1503 3153 factus
1548 3105 1708 3156 esset
1724 3137 1743 3173 ,
1785 3090 2253 3157 Donatistarum
2297 3116 2368 3159 se
2406 3168 2413 3171 ,

439 3208 625 3273 rebus
664 3206 1024 3272 immiscuit.
1118 3206 1545 3271 Caecilianum
1584 3208 1857 3301 scilicet,
1876 3208 2085 3275 literis
2116 3209 2197 3274 ad
2222 3233 2367 3277 eum

363 3374 368 3377 .
439 3321 629 3404 datis,
661 3324 1026 3405 Catholicae
1055 3323 1373 3389 Ecclesiae
1395 3302 1781 3413 Episcopum
1806 3326 2091 3418 agnovit,
2121 3343 2367 3416 partem

327 3504 332 3511 .
439 3464 591 3509 vero
637 3440 934 3527 Majorini
979 3441 1271 3507 omnibus
1307 3441 1549 3527 juribus
1596 3464 1672 3507 ac
1713 3442 2050 3533 privilegiis
2084 3445 2363 3513 exclusit.

499 3710 580 3775 (1)
613 3709 684 3759 De
724 3710 917 3774 origine
957 3690 1240 3761 schismati·
1275 3710 1364 3761 off.
1400 3724 1617 3761 orum
1645 3708 1711 3758 ae
1746 3708 2029 3788 schismate
2060 3708 2379 3763 Donatista-'-

628 3806 748 3843 rum
784 3790 926 3853 Libri
961 3794 988 3841 1
1023 3810 1072 3844 c.
1116 3792 1332 3841 14—20.
1368 3808 1627 3843 Auens-un.
1664 3787 1877 3843 Brnic'.
1918 3794 2106 3847 Callet.
2144 3794 2248 3844 111
2278 3795 2387 3847 diei·

625 3875 651 3942 ς
681 3874 749 3925 24
793 3892 942 3939 seqq.
975 3892 1042 3925 ne
1078 3877 1175 3926 alia
1197 3876 1351 3925 citem
1381 3876 1512 3925 loca.
1547 3875 1698 3939 Lem.
1736 3890 2018 3927 senonen.
2057 3878 2151 3943 Op.
2196 3878 2235 3929 1.
2268 3886 2307 3927 t.
2338 3878 2383 3929 V

624 3976 678 4025 p.
700 3958 970 4009 291—296
991 3963 1044 4009 et
1063 3948 1114 4010 A.
1137 3974 1358 4011 anaim
1375 3959 1697 4025 Any-*mine
1720 3958 2029 4010 Gener-ccmo
2044 3962 2140 4011 der
2161 3958 2379 4015 Chiae!-

625 4042 872 4107 Roh'qe‘on
891 4044 1018 4097 ,und
1056 4042 1250 4095 Kirelu
1282 4046 1328 4096 t.·
1357 4042 1410 4093 11
1437 4060 1491 4109 p.
1534 4044 1580 4093 1.
1618 4057 1732 4109 pag.
1769 4038 2057 4094 387—401.
2142 4067 2152 4077 ·
