2917 4967
1429 372 1524 445 36

615 608 810 673 Libro
833 606 926 671 111
957 604 1197 695 reliqua
1229 618 1692 697 pertractantur
1730 604 2030 693 epistolae
2066 605 2214 671 loca
2231 651 2251 689 ‚
2282 628 2445 695 quae

529 724 770 817 singula
791 724 1070 790 breviter
1093 720 1496 803 refelluntur,
1524 742 1710 809 quem
1732 720 1802 787 in
1822 720 2014 787 finem
2040 720 2297 789 adhibet
2316 722 2450 789 Do-

529 842 896 909 natistarum
937 840 1282 907 historiam.
2268 884 2275 891 -

622 958 816 1023 Libro
840 956 931 1022 IV
955 972 1156 1021 totam
1205 954 1535 1045 epistolam
1582 976 1661 1021 ex
1695 955 1831 1021 sola
1868 954 2451 1023 Maximianensium

531 1076 792 1141 historia
831 1073 1108 1144 refellit„

621 1190 865 1257 Eodem
901 1205 1188 1279 tempore
1234 1189 1359 1255 alia
1395 1190 1587 1254 etiam
1622 1190 1856 1278 scripta
1888 1187 2085 1257 edidit
2100 1236 2120 1273 ,
2164 1213 2326 1279 quae
2356 1204 2451 1257 ta·

533 1332 680 1375 men
710 1308 922 1372 omnia
945 1306 1285 1397 perierunt.
1363 1306 1856 1372 Enumerantur:

619 1446 1050 1491 rnomrxons
1077 1448 1158 1489 nr
1189 1446 1577 1489 ras-rinnau
1604 1432 1855 1490 cou‘ru
1878 1445 2293 1505 nemausus,

617 1566 869 1613 conru
895 1567 1116 1611 nscio
1143 1566 1326 1623 Qum(
1351 1564 1754 1609 non-rursu
1774 1590 1794 1629 ,

615 1685 982 1729 anuomrro
1010 1646 1503 1729 nouarrsr‘anux
1533 1682 1616 1725 nn
1648 1683 2128 1727 umanum-rra
2156 1658 2276 1751 (ι).

617 1779 945 1869 Superest:
985 1802 1178 1845 uam
1212 1802 1295 1844 nn
1321 1801 1523 1845 muco
1548 1800 1861 1845 numito
1888 1802 2143 1846 com-u
2170 1800 2455 1847 raritu-

529 1920 708 1980 xnx,
749 1920 917 1961 anno
949 1901 1079 1976 410
1121 1897 1408 1986 scriptus.

617 2013 879 2079 Librum
903 2034 1048 2077 cum
1069 2013 1400 2103 scripserat
1420 2013 1763 2080 Petilianus
1786 2013 1867 2081 de
1889 2015 2079 2081 unico
2100 2014 2414 2103 baptismo
2428 2062 2449 2097 ,

531 2132 700 2197 hunc
727 2129 809 2195 ad
820 2131 1240 2221 Augustinum
1263 2131 1475 2197 attulit
1499 2132 1736 2199 amicus
1758 2131 2013 2220 quidam
2028 2180 2047 2216 ,
2078 2130 2453 2225 efflagitans,

533 2264 608 2313 ut
630 2250 690 2315 ei
713 2247 1140 2336 responderet.
1209 2248 1355 2314 Hoc
1377 2249 1553 2316 fecit.
1604 2249 1862 2316 Refellit
1891 2249 2181 2317 Petiliani
2207 2264 2452 2317 senten-

533 2365 723 2447 tiam,
755 2367 824 2432 in
847 2364 984 2431 sola
1006 2389 1157 2432 vera
1183 2364 1465 2431 Ecclesia
1498 2378 1630 2433 esse
1666 2366 2071 2456 baptismum.
2118 2366 2453 2433 Neminem

530 2506 726 2573 porro
758 2484 828 2548 in
857 2483 1174 2549 Ecclesiae
1203 2484 1444 2551 unitate
1469 2482 1773 2550 maculari
1797 2482 2011 2549 alienis
2034 2482 2307 2572 peccatis
2322 2530 2342 2566 ‚
2376 2506 2455 2549 ex

529 2602 720 2691 ipsius
745 2600 1039 2690 Cypriani
1075 2598 1300 2691 agendi
1324 2602 1571 2665 ratione
1604 2600 1856 2690 probat.
1928 2599 2257 2667 Postremo
2283 2599 2455 2667 Peti-
2540 2616 2551 2629 ·

529 2718 685 2787 liani
712 2716 1087 2801 calumnias,
1105 2704 1450 2783 Melchiadi
1470 2732 1536 2783 et
1560 2716 1695 2783 aliis
1718 2714 2096 2806 quibusdam
2116 2716 2454 2785 Catholicis

527 2834 855 2924 Episcopis
881 2834 1110 2917 illatas,
1146 2834 1493 2924 propulsat.

613 2951 764 3017 Non
815 2950 1078 3039 amplius
1123 2950 1315 3016 etiam
1367 2966 1565 3017 exstat
1613 2973 1807 3017 nnn
1850 2973 1934 3016 nn
1974 2973 2458 3019 mmmmm-ris

531 3088 782 3133 (ποκα-υ
805 3088 1186 3132 υοιυτιετιε
1203 3112 1222 3149 ,
1256 3068 1364 3155 qui
1387 3082 1533 3157 post
1549 3067 1792 3133 librum
1816 3066 1898 3133 de
1921 3068 2113 3137 unico
2137 3070 2452 3159 baptismo

529 3187 612 3251 ab
637 3185 988 3275 Augustino
1014 3200 1374 3249 recensetur
1408 3184 1528 3275 (2).

614 3302 928 3390 Antiquae
953 3301 1206 3367 interim
1229 3300 1398 3393 leges
1413 3350 1434 3385 ,
1467 3302 1769 3369 incitante
1796 3298 2041 3391 synodo
2072 3322 2110 3365 a
2142 3304 2270 3389 407
2298 3300 2451 3365 Car-

528 3420 781 3511 thagine
810 3418 1029 3485 habita
1049 3465 1068 3501 ‚
1098 3420 1403 3509 repetitae
1435 3435 1623 3508 atque
1652 3441 1856 3485 novae
1881 3415 2129 3483 additae
2151 3432 2295 3484 sunt
2323 3416 2446 3508 (3).

616 3537 806 3601 Anno
833 3557 986 3601 vero
1018 3536 1146 3615 408
1162 3583 1181 3619 ,
1204 3538 1380 3623 jussu
1401 3536 1804 3626 Imperatoris
1834 3534 2167 3601 interfecto
2194 3533 2415 3601 Stilico
2428 3572 2447 3585 -

525 3674 608 3719 ne
622 3700 642 3734 ,
674 3652 958 3719 omnium
979 3652 1114 3719 fere
1143 3652 1398 3744 Imperii
1431 3674 1645 3719 rerum
1671 3650 2175 3721 administratore
2200 3668 2264 3719 et
2285 3650 2449 3719 duce

577 3867 663 3934 (1)
695 3868 771 3919 Cf.
805 3868 1019 3931 August.
1056 3865 1282 3918 Retraot.
1319 3862 1373 3913 1..
1409 3860 1483 3912 11.
1519 3877 1568 3914 c.
1604 3860 1824 3913 27—29.

578 3952 658 4018 (2)
692 3951 915 4001 Retraot.
952 3948 1060 4001 ub.
1098 3948 1175 3999 11.
1209 3962 1262 4001 ο.
1295 3945 1381 3996 8⁶.

575 4031 656 4101 (8)
689 4032 769 4086 Cf.
804 4029 1066 4098 Appendix
1099 4030 1227 4095 opp.
1261 4026 1475 4091 August.
1516 4026 1575 4079 T.
1611 4026 1680 4078 1x
1716 4044 1768 4095 p.
1804 4028 1890 4081 32.
