2917 4967
1484 399 1583 473 ⁷0

1221 638 1615 704 CAPUT
1698 638 1837 701 11.

1267 891 1791 949 commum

673 1219 998 1277 nummu,
1033 1216 1242 1259 Bx‘ru
1265 1214 1485 1259 nm
1518 1212 1867 1255 memus(
1898 1212 2395 1271 mummrnxn,

1169 1332 1287 1377 usu
1319 1333 1398 1375 21·
1427 1331 1907 1374 urtmm‘rarz.

1386 1594 1731 1619 W

1454 1827 1599 1902 51.

878 2058 1198 2145 Desmimr
1228 2054 1701 2120 controversiae
1720 2066 2173 2142 argumentum.

653 2292 1018 2359 Arctissimc
1060 2308 1208 2355 cum
1247 2286 1674 2353 controversia
1702 2284 1783 2351 dc
1812 2285 2133 2353 Ecclesiae
2156 2302 2310 2355 nota
2340 2292 2497 2356 cha-

565 2410 951 2477 racteristica
996 2408 1228 2498 agitata
1266 2406 1566 2470 cohaeret
1597 2404 2026 2469 controversia
2052 2405 2130 2469 de
2159 2405 2485 2495 baptismo.

565 2532 742 2595 Haec
787 2528 958 2592 enim
1001 2548 1078 2590 ex
1113 2524 1222 2589 illa
1258 2524 1431 2610 quasi
1464 2538 1614 2593 nata
1646 2538 1762 2587 est.
1856 2524 2225 2589 Donatistae
2252 2526 2494 2592 scilicet

565 2670 740 2713 suam
764 2646 1132 2711 societatem
1155 2642 1355 2706 solam
1374 2664 1589 2705 veram
1615 2639 1964 2709 Ecclesiam
1989 2644 2291 2709 habentes
2304 2692 2323 2726 ,
2356 2667 2491 2709 om-

566 2788 678 2830 nes
713 2779 886 2828 extra
915 2784 1057 2827 cam
1086 2759 1365 2824 Clericos
1389 2758 1753 2848 illegitimos
1784 2761 2120 2825 censebant
2148 2784 2492 2850 eorumque

564 2902 896 2946 munerum
915 2878 1308 2943 functionem
1325 2876 1387 2939 vi
1405 2898 1516 2939 sua
1538 2899 1777 2941 carere.
1827 2877 1973 2940 Hoc
1991 2878 2120 2943 nixi
2134 2878 2451 2968 principio
2468 2927 2487 2961 ,

568 3018 788 3062 omnes
820 2996 889 3058 in
917 2993 1200 3059 Ecclesia
1248 2993 1578 3056 catholiea
1616 2992 1929 3080 baptismo
1956 2996 2087 3079 jam
2122 2994 2357 3059 tinctos
2372 3042 2393 3080 ,
2440 2996 2493 3059 si

570 3111 652 3177 ad
693 3110 1205 3175 communionem
1241 3109 1479 3173 Donati
1533 3106 1909 3173 accederent
1922 3156 1940 3189 ‚
1998 3110 2489 3198 rebaptizabant.

658 3228 784 3292 Hic
820 3228 1010 3291 etiam
1039 3225 1157 3289 fuit
1181 3247 1320 3289 mos
1350 3248 1424 3289 ac
1449 3220 1759 3289 sentiendi
1789 3225 1950 3289 ratio
1980 3224 2299 3292 Ecclesiae
2330 3226 2499 3293 Afri-

574 3368 767 3411 canae
787 3392 805 3428 ,
845 3357 1210 3432 erumpente
1240 3341 1713 3407 Donatistarum
1737 3341 2099 3410 schismate:
2142 3360 2299 3409 nota
2326 3347 2499 3413 enim

576 3486 675 3528 res
691 3477 785 3528 est
798 3509 817 3543 ‚
835 3460 1238 3525 vehementer
1257 3455 1636 3545 disputatum
1658 3480 1789 3523 esse
1808 3458 2161 3525 Romanam
2185 3462 2352 3528 inter
2374 3464 2496 3529 Ec-

583 3579 834 3645 clesiam
885 3592 949 3641 et
977 3576 1340 3639 Africanam
1359 3622 1378 3657 ‚
1425 3589 1637 3638 utrum
1666 3576 2000 3659 haeretici,
2045 3577 2127 3643 ad
2151 3580 2497 3647 Ecclesiam

577 3696 897 3761 venientes
915 3742 933 3775 ‚
969 3689 1395 3779 rebaptizandi
1420 3706 1625 3755 essent
1644 3738 1663 3774 ,
1711 3715 1831 3758 nec
1855 3716 1972 3775 ne3
2021 3710 2206 3783 atque
2232 3698 2499 3763 auctori.

576 3829 704 3878 tate
748 3811 1044 3901 Cypriani
1063 3857 1081 3890 ‚
1130 3810 1238 3895 qui
1275 3808 1356 3872 ab
1393 3809 1576 3894 hujus
1617 3824 1797 3896 parte
1840 3811 2042 3875 stabat
2058 3859 2077 3893 ,
2126 3835 2370 3879 morem
2407 3814 2499 3877 in-

575 3929 834 3995 valuisse
852 3974 871 4010 ,
917 3924 1301 4006 haereticos,
1349 3926 1400 3989 si
1426 3924 1507 3989 ad
1530 3925 1879 3992 Ecclesiam
1906 3928 2297 3995 Catholicam
2321 3953 2496 3997 acce-

570 4047 791 4110 derent
807 4093 824 4128 ,
873 4040 1321 4131 rebaptizandi.
