2917 4967
1339 360 1427 432 ol

399 602 741 686 posteriori
755 642 776 677 ,
807 596 966 659 haec
991 616 1028 658 a
1045 600 1254 681 priori
1284 594 1625 661 commode
1654 594 1783 663 dici
1802 613 2031 687 potest.
2104 602 2337 671 Abina

411 712 790 805 exponenda
816 712 1065 779 initium
1089 711 1379 779 facimus.
1659 714 1663 719 ’

399 874 404 879 -
497 834 574 897 In
590 831 1308 920 temporis-momentum
1327 829 1720 896 concedebat
1730 832 2133 923 Augustinus,
2158 850 2333 903 recte

403 972 540 1015 sese
591 950 824 1015 habere
876 942 1254 1037 hypothesin
1300 946 1773 1015 Donatistarum
1788 961 1827 1032 ,⁸
1857 950 2019 1015 falso
2070 974 2223 1018 vero
2256 951 2340 1018 ad

403 1066 764 1131 Catholicos
841 1065 1143 1154 applicari
1173 1113 1194 1147 ,
1271 1066 1663 1155 perhibebat.
1753 1067 2123 1135 Donatistae
2164 1071 2334 1135 enim

404 1182 698 1249 dicebant
729 1205 749 1247 τ
803 1182 1232 1247 Caecilianum
1279 1205 1318 1247 a
1362 1181 1667 1271 traditore
1710 1187 1895 1253 fuisse
1931 1184 2290 1251 ordinatum
2308 1235 2327 1269 ,

293 1294 296 1306 '
403 1317 594 1391 atque
633 1324 752 1390 per
799 1324 946 1365 eum
999 1322 1251 1381 omneS,
1307 1301 1414 1387 qui
1457 1300 1529 1365 in
1572 1303 2016 1384 communione
2062 1325 2210 1367 cum
2252 1325 2333 1368 eo

398 1433 947 1510 perseveraverunt
971 1466 990 1501 ,
1042 1418 1529 1484 contaminatos*
1547 1440 1717 1484 esse:
1800 1418 1946 1485 Hoc
1980 1436 2169 1511 negat
2203 1421 2332 1485 Au-

403 1539 685 1629 gustinus
715 1553 902 1625 atque
915 1536 1200 1625 probare
1235 1534 1444 1601 studet
1464 1582 1483 1618 ,
1504 1535 1865 1609 ,Caeciliani
1902 1535 2333 1604 ordinatorem

407 1653 765 1719 traditionis
785 1654 930 1721 labe
955 1676 1088 1717 non
1111 1652 1416 1717 infectum
1446 1652 1658 1718 fuisse.
1737 1650 1931 1717 Varia
1945 1652 2185 1739 judicia
2199 1657 2334 1740 jam

404 1770 690 1836 instituta
735 1784 916 1836 erant
955 1768 1036 1834 de
1065 1792 1251 1834 causa
1283 1748 1544 1852 Felicis,
1582 1792 1741 1857 quae
1767 1770 1951 1834 simul
1982 1794 2169 1835 causa
2200 1788 2337 1836 erat

405 1886 746 1952 Caeciliani
761 1934 781 1971 ‚
813 1901 1003 1974 atque
1024 1887 1093 1951 in
1117 1887 1194 1951 iis
1219 1886 1647 1951 omnibus-ille
1674 1885 2111 1959 eliminatione
2130 1887 2336 1953 fuerat

402 2004 722 2071 liberatus.
816 2003 921 2068 Ad
947 2002 1058 2067 illa
1089 2004 1480 2092 provocabat
1522 2004 1903 2095 Aug-ustinus
1916 2052 1936 2087 ,
1972 2021 2155 2093 atque
2184 2004 2334 2071 inde

399 2122 832 2202 innocentiam
876 2121 1219 2188 Caeciliani
1263 2122 1539 2211 probare
1582 2144 1843 2210 operam
1889 2120 2104 2188 dabat.
2196 2122 2335 2188 Nec

402 2234 803 2305 occasionem
859 2239 1281 2328 praetermisit
1331 2237 1705 2304 ostendendi
1723 2287 1743 2321 ,
1800 2252 1987 2327 atque
2042 2241 2333 2305 omnibus

403 2360 534 2423 veri
575 2356 866 2423 studiosis
905 2358 975 2421 in
1017 2358 1160 2421 luce
1203 2356 1485 2444 ponendi
1502 2402 1522 2438 ,
1564 2356 1803 2441 judicia
1830 2357 1941 2420 illa
1971 2356 2099 2421 fide
2127 2372 2193 2425 et
2224 2358 2332 2445 ap—

362 2496 368 2501 ·
398 2474 780 2563 probatione
811 2471 1004 2563 digna
1038 2493 1170 2538 esse
1207 2470 1330 2560 (1).

491 2589 768 2654 Maxime
819 2564 1066 2676 semper
1113 2590 1185 2652 in
1234 2584 1395 2653 illud
1439 2587 1715 2652 intentus
1753 2602 1889 2651 erat
1911 2587 2293 2677 Augustinus
2310 2636 2329 2670 ‚

407 2723 486 2773 ut
511 2704 902 2789 ostenderet,
941 2729 1192 2771 causam
1214 2706 1557 2770 Caeciliani
1584 2728 1622 2769 a
1653 2705 2182 2771 eausa'Ecclesiae
2212 2704 2333 2771 dis-

404 2824 814 2915 tinguendam
851 2846 985 2892 esse
1002 2871 1022 2905 ,
1056 2820 1450 2913 argumento
1468 2845 1544 2887 ex
1581 2844 1661 2887 eo
1708 2821 1901 2888 ducto
1914 2870 1935 2903 ,
1983 2821 2157 2910 quod
2184 2822 2293 2887 ilia
2309 2871 2329 2905 ,

403 2946 458 3009 si
505 2938 674 3009 mala
725 2944 806 3007 sit
821 2990 840 3026 ,
895 2965 1028 3008 non
1069 2956 1300 3007 noceat
1323 2940 1642 3005 Ecclesiae
1666 2954 1809 3005 toto
1838 2940 1995 3004 orbe
2026 2955 2333 3005 terrarum

409 3063 678 3137 diffusae
705 3061 824 3153 (2).
2316 3041 2323 3045 ’

496 3183 644 3247 Alia
675 3182 866 3246 etiam
903 3180 1151 3244 ratione
1180 3201 1217 3243 a
1241 3176 1578 3267 posteriori
1604 3191 2066 3266 argumentatus
2089 3190 2183 3241 est
2210 3176 2335 3241 Au-

410 3301 707 3392 gustinus.
756 3299 897 3363 Hac
921 3298 1258 3363 nimirum:
1294 3295 1348 3363 si
1363 3295 1629 3360 societas
1655 3295 2005 3360 Christiana
2020 3318 2137 3383 per
2166 3318 2335 3359 com-

410 3418 907 3485 municationem
933 3438 1080 3481 cum
1103 3414 1284 3480 malis
1305 3412 1532 3479 desinit
1554 3434 1687 3479 esse
1707 3436 1856 3477 vera
1875 3413 2106 3477 Christi
2124 3412 2337 3477 Eccle-

391 3513 502 3601 -sia
525 3585 544 3620 ,
591 3559 736 3627 pars
786 3535 1024 3601 Donati
1073 3556 1148 3598 ea
1201 3555 1331 3597 esse
1373 3554 1505 3597 non
1529 3544 1739 3619 potest
1759 3578 1780 3612 ,
1820 3531 2051 3619 quippe
2080 3550 2239 3617 quae
2267 3528 2337 3591 in

469 3869 548 3935 (l)
589 3869 735 3920 Cous.
773 3870 918 3919 Brev.
955 3868 1139 3917 Cenat.
1178 3866 1229 3917 d.
1265 3867 1288 3915 1
1324 3882 1370 3917 c.
1395 3864 1446 3917 7.
1485 3865 1640 3931 Epist.
1681 3863 1797 3913 129.
1830 3864 1971 3912 Brcv.
1994 3862 2157 3913 collat
2175 3864 2314 3915 «Mu

595 3952 724 4017 5-24
757 3968 899 4015 seqq.
937 3953 1258 4005 mci-escon.
1296 3947 1404 3999 Lib.
1441 3948 1520 3997 111
1555 3948 1579 4015 ς
1618 3946 1687 3998 78
1719 3951 1825 3999 etc.

468 4035 547 4101 (2)
581 4037 728 4086 Conf-
762 4052 826 4085 ne
861 4036 1002 4101 plura
1039 4036 1152 4084 loca
1187 4033 1373 4093 citem,
1413 4034 1556 4081 Brev.
1596 4030 1779 4079 Coliat.
1817 4027 1868 4081 d.
1914 4028 2013 4077 111.

2028 4124 2133 4200 4·
