2917 4967
1508 370 1602 445 64

583 628 700 674 suo
743 605 940 673 modo
987 619 1233 673 secutus
1274 618 1368 673 est
1408 604 1785 697 Augustinus
1805 653 1825 688 ,
1904 621 2092 694 atque
2150 606 2505 673 Catholicis-

587 748 754 791 mum
773 772 793 808 ,
823 724 892 789 id
911 738 1002 791 est
1023 772 1041 807 ,
1063 723 1469 789 universalem
1485 731 2043 813 propagationem,
2077 744 2263 791 verae
2292 724 2505 792 Eccle-

584 844 713 909 siae
743 857 958 908 notam
982 863 1112 907 esse
1131 889 1149 925 ,
1189 840 1446 931 exponit
1476 863 1549 905 ac
1578 840 1882 908 defendit.

671 960 856 1025 Hanc
887 974 1093 1026 autem
1123 974 1341 1043 notam
1369 981 1444 1023 ex
1464 958 1660 1024 Sacro
1684 958 1923 1026 Codice
1950 983 2017 1025 se
2043 961 2293 1050 petiisse
2324 959 2501 1029 dicit.

581 1078 658 1144 In
707 1076 1007 1144 solvenda
1059 1076 1227 1142 enim
1276 1078 1639 1165 quaestione
1662 1125 1680 1161 ,
1728 1078 1839 1143 uhi
1884 1080 1965 1143 sit
2009 1077 2332 1143 Ecclesia?
2376 1100 2508 1144 non

579 1196 700 1261 nisi
747 1193 1102 1261 testimonia
1133 1192 1308 1258 Sacri
1341 1192 1592 1259 Codicis
1626 1193 1977 1260 adhibenda
2009 1217 2138 1262 esse
2170 1194 2509 1261 contende-

580 1312 724 1379 bat:
773 1334 1080 1377 summam
1129 1312 1298 1377 enim
1328 1312 1388 1376 ei
1431 1310 1830 1378 tribuendam
1863 1334 1993 1379 esse
2025 1313 2462 1379 auctoritatem
2480 1358 2500 1397 ,

583 1444 791 1494 »extra
842 1428 1102 1516 quam,”
1155 1427 1407 1520 (inquit)
1455 1430 1545 1496 »si
1574 1453 1793 1520 sapere
1819 1431 2115 1515 velimus,
2150 1432 2461 1497 nescimus
2482 1478 2502 1513 ,

581 1546 692 1611 ubi
729 1546 839 1611 illa
872 1544 1228 1634 quaerenda
1255 1544 1398 1612 sit.”
1486 1545 1722 1613 »Totus
1747 1548 2025 1614 Christus
2056 1565 2244 1639 caput
2272 1564 2336 1617 et
2368 1570 2506 1614 cor-

583 1687 699 1756 pus
747 1680 862 1731 est.
953 1664 1160 1754 Caput
1205 1664 1559 1754 unigenitus
1606 1664 1730 1730 Dei
1775 1663 1937 1731 filius
1956 1714 1975 1749 ‚
2026 1681 2090 1731 et
2119 1688 2347 1757 corpus
2380 1669 2508 1753 ejus

584 1781 901 1865 Ecclesia,
935 1804 1197 1873 sponsus
1235 1795 1300 1846 et
1329 1803 1595 1870 sponsa,
1640 1779 1770 1846 duo
1812 1783 1879 1847 in
1912 1805 2104 1849 carne
2140 1783 2324 1850 una.”
2372 1784 2508 1849 Jam

583 1924 770 1985 vero,
841 1901 986 1989 quia
1037 1899 1316 1988 quaestio
1373 1912 1468 1963 est
1512 1920 1663 1963 cum
1688 1898 2031 1965 Donatistis
2064 1897 2145 1966 de
2188 1922 2457 1991 corpore
2482 1948 2501 1983 ,

583 2021 830 2109 »ipsum
857 2033 1069 2107 caput,
1106 2014 1186 2083 de
1211 2038 1341 2105 quo
1374 2016 1789 2082 consentimus
1806 2064 1825 2100 ,
1854 2016 2140 2083 ostendat
2162 2018 2345 2083 nobis
2372 2040 2509 2083 cor-

475 2138 484 2151 '
583 2160 700 2229 pus
729 2158 905 2203 suum
925 2184 942 2219 ‚
1014 2133 1093 2201 de
1125 2156 1250 2222 quo
1282 2132 1671 2199 dissentimus
1689 2181 1707 2217 ,
1754 2150 1824 2199 ut
1853 2156 1968 2223 per
1998 2137 2126 2221 ejus
2154 2136 2346 2201 verba
2369 2138 2505 2222 jam

583 2254 906 2321 dissentire
930 2250 1338 2318 desinamus.”
1382 2249 1519 2317 Nec
1550 2273 1702 2317 vero
1734 2253 1925 2317 solius
1947 2252 2089 2317 Jesu
2114 2252 2303 2319 effata
2326 2248 2504 2319 adhi-

582 2371 792 2439 benda
825 2385 966 2437 sunt
983 2418 1002 2453 ,
1039 2368 1153 2436 sed
1185 2384 1250 2435 et
1278 2368 1738 2458 Prophetarum
1764 2384 1829 2435 et
1857 2371 2308 2460 Apostolorum
2323 2418 2343 2455 ,
2390 2392 2507 2461 per

583 2512 692 2556 eos
723 2488 892 2556 enim
915 2488 1102 2553 etiam
1135 2488 1396 2553 verbum
1427 2488 1637 2553 sonuit
1671 2485 1789 2579 (1).

669 2607 840 2673 Loca
871 2627 1100 2696 magno
1128 2627 1390 2671 numero
1421 2626 1499 2670 ex
1524 2604 1815 2670 omnibus
1838 2652 1857 2688 ,
1908 2626 1944 2669 a
1971 2605 2181 2695 primo
2203 2626 2394 2694 usque
2426 2602 2507 2669 ad

581 2725 871 2791 ultimum
893 2770 912 2807 ,
960 2721 1027 2788 S.
1059 2720 1312 2787 Codicis
1340 2722 1515 2787 libris
1548 2722 1788 2814 colligit
1808 2770 1826 2806 ,
1894 2723 1997 2789 vel
2032 2724 2327 2789 vaticinia
2360 2745 2503 2789 con-

567 2844 847 2931 tinentia
867 2890 885 2926 ,
939 2841 1158 2928 quibus
1193 2840 1568 2931 propagatio
1612 2840 1929 2931 religionis
1978 2840 2363 2906 Christianae
2388 2861 2505 2930 per

581 2982 836 3026 omnem
898 2972 1205 3022 terrarum
1258 2958 1479 3023 orbem
1532 2957 1969 3046 praenunciat-i
2026 2954 2451 3021 contendebat
2478 3002 2497 3039 ,

579 3076 683 3142 vel
737 3074 956 3163 quibus
1009 3074 1238 3138 Christi
1276 3074 1569 3162 Apostoli
1594 3074 1890 3159 jubentur
1903 3120 1921 3156 ,
1970 3073 2201 3160 ubique
2227 3072 2505 3162 Euange-

576 3178 734 3259 lium
779 3189 1180 3255 annunciare.
1290 3189 1462 3255 Inter
1486 3189 1596 3255 illa
1632 3188 2003 3279 praeprimis
2026 3202 2310 3253 recenset
2334 3185 2496 3256 Gen.

579 3308 783 3375 XXII.
821 3306 928 3371 18:
957 3327 1083 3393 quo
1105 3306 1254 3370 loco
1267 3288 1630 3371 Abrahamo
1650 3304 2024 3395 promissum
2044 3303 2138 3388 fit,
2170 3305 2237 3369 in
2263 3305 2500 3373 semine

581 3428 714 3514 ejus
739 3402 956 3489 omnes
987 3438 1200 3513 gentes
1223 3420 1627 3488 benedictum
1653 3422 1753 3489 iri.
1845 3420 2076 3487 Semen
2106 3422 2275 3489 enim
2306 3422 2501 3487 Abra-

637 3638 718 3705 (1)
749 3637 821 3688 De
853 3612 984 3687 unit.
1019 3634 1209 3684 Eccles.
1242 3631 1268 3699 ς
1303 3629 1356 3684 7.
1393 3631 1489 3685 eff.
1524 3637 1577 3682 et
1607 3630 1660 3699 ss
1698 3630 1765 3682 47
1796 3634 1850 3681 et
1876 3630 1960 3681 to.
2029 3631 2337 3683 contrariam
2367 3647 2513 3699 pror..

760 3736 844 3772 eus
879 3720 1038 3779 viem,
1079 3720 1253 3768 contra
1283 3714 1596 3766 flenicheeoe
1642 3728 1895 3782 pugnans,
1938 3714 2071 3766 iniit.
2125 3715 2246 3765 'rum
2281 3715 2511 3766 nimirum

762 3803 1115 3856 auctoritatem
1161 3799 1436 3865 scripturae
1468 3814 1639 3850 sacrae
1674 3796 1894 3863 subjecit
1914 3799 2206 3851 auctoritati
2240 3798 2510 3852 Ecclesiae.

763 3888 899 3952 »Ego
951 3884 1150 3946 καθ’,
1202 3884 1307 3943 ait,
1359 3900 1406 3935 c.
1449 3883 1626 3951 Epioe.
1677 3882 1983 3935 Manichaei
2014 3884 2047 3952 ,ς
2076 3884 2143 3946 8,
2202 3884 2511 3948 »Euangelio

760 3984 863 4019 non
911 3969 1165 4020 crederem
1184 4000 1200 4029 ,
1253 3968 1352 4021 uisi
1400 3984 1481 4019 me
1534 3966 1822 4020 Getholicee
1875 3968 2124 4019 Ecclesiae
2180 3976 2514 4021 commoveret

761 4046 1100 4105 auctorites‘’.
1173 4052 1248 4104 Cf.
1287 4066 1509 4101 aranon
1544 4050 1637 4117 op.
1674 4050 1713 4103 1.
1752 4049 1808 4103 Τ.
1845 4049 1895 4099 11
1933 4066 1983 4116 p.
2026 4051 2044 4099 l
2082 4064 2139 4115 p.
2176 4048 2295 4100 438.
