2917 4967
1307 322 1394 393 31

409 564 686 656 guntinus
703 608 725 644 ,
769 572 902 627 ‘non
923 572 1080 649 opus
1109 570 1203 625 est
1219 604 1239 640 ,
1285 571 1357 621 ut
1374 557 1508 622 fiise
1534 578 1863 647 exponam.
1956 554 2135 638 Quae
2156 556 2324 623 enim

413 682 509 748 ibi
546 680 798 747 decreta
829 694 969 743 sunt
1003 677 1084 743 de
1122 700 1192 742 re
1215 676 1688 741 Donatistarum
1735 676 1921 765 plane
1970 676 2329 765 conspirant

394 818 565 865 'cum
602 797 925 887 Augustini
961 812 1113 861 tunc
1143 795 1452 884 temporis·
1484 792 1805 885 cogitandi
1843 794 2111 859 ratione.
2202 794 2327 859 De-

415 932 655 983 cretum
695 931 904 981 autem
930 922 1142 1003 primo
1176 914 1324 977 loco
1350 927 1475 995 est,
1506 934 1647 994 eos,
1676 911 1783 999 qui
1814 933 1852 975 a
1877 911 2220 975 Donatistis
2250 908 2332 977 ad

414 1034 761 1099 Ecclesiam
808 1031 1200 1098 Catholicam
1255 1027 1535 1095 redirent
1551 1076 1571 1110 ,
1628 1050 1889 1093 munera
1941 1042 2291 1095 servaturos
2308 1070 2329 1110 ,
2378 1066 2383 1073 ·

417 1151 640 1239 quibus
679 1151 748 1215 in
793 1149 1264 1214 Donatistarum
1299 1147 1599 1211 societate
1642 1143 1841 1211 functi
1878 1160 2101 1211 essent.
2194 1145 2337 1211 Hae

416 1268 663 1333 ratione
692 1267 940 1332 facilior
963 1265 1288 1355 Episcopis
1314 1265 1784 1329 Donatistarum
1814 1262 2014 1329 factus
2048 1278 2143 1328 est
2169 1262 2337 1329 redi-

417 1401 518 1451 tus
539 1384 622 1451 ad
647 1386 993 1451 Ecclesiam
1015 1384 1431 1448 catholicam.
1490 1381 1801 1447 Secundo:
1828 1404 1868 1445 a
1884 1380 2355 1471 magistratibus

420 1505 690 1591 petitum
706 1504 785 1567 iri
800 1549 819 1585 ,
838 1518 910 1566 ut
935 1524 1035 1567 res
1055 1524 1269 1567 coram
1288 1498 1502 1586 judice
1518 1498 1877 1564 Donatistas
1892 1499 2057 1563 inter
2068 1514 2131 1563 et
2142 1497 2343 1563 Maxi·

415 1620 744 1684 ·mianistas
768 1635 969 1709 gestas
990 1619 1387 1709 colligerent,
1411 1633 1476 1682 et
1501 1610 1904 1699 annotarent,
1938 1638 2099 1703 quae
2125 1616 2346 1681 etiam·

428 1748 583 1799 ‘num
611 1750 960 1825 agerentur.
995 1735 1282 1821 Denique
1305 1742 1517 1799 tertio.-
1537 1732 1873 1799 nonnullos
1894 1756 1970 1799 ex
1986 1728 2310 1821 Episcopis
2322 1772 2343 1815 ,

431 1852 541 1938 qui
581 1836 876 1934 aderant,
911 1853 1167 1917 missum
1196 1852 1274 1914 iri
1305 1850 1388 1915 ad
1415 1852 1884 1916 Donatistarum
1916 1851 2261 1939 Episcopos
2286 1866 2353 1917 et

429 1984 647 2035 coetus
666 2018 684 2052 ,
709 1986 778 2034 ut
795 1970 1061 2034 schisma
1085 1969 1679 2033 Maximianistarum
1697 1969 1771 2033 iis
1798 1966 2143 2055 objicerent
2160 1984 2351 2058 atque

427 2086 576 2153 inde
619 2086 1020 2153 ostenderent
1038 2135 1056 2169 ,
1116 2110 1306 2175 quam
1351 2087 1561 2152 futiles
1605 2102 1807 2152 essent
1836 2108 2055 2151 causae
2068 2133 2091 2170 ,
2129 2088 2355 2174 quibus

431 2202 689 2269 adducti
719 2206 790 2269 in
817 2204 1163 2269 Ecclesiam
1189 2204 1582 2269 Catholicam
1610 2202 1817 2269 redire
1849 2204 2093 2269 nollent
2118 2202 2237 2294 (1).

517 2322 696 2388 Haec
735 2319 958 2412 agendi
991 2322 1155 2385 ratio
1199 2322 1330 2385 vim
1371 2321 1715 2385 schismatis
1743 2321 2214 2385 Donatistarum
2240 2334 2353 2409 pa-

431 2462 575 2503 rum
635 2438 986 2503 imminuit:
1055 2460 1208 2501 nam
1265 2458 1414 2501 cum
1475 2433 1761 2499 viderent
1808 2436 2173 2501 Donatistae
2194 2482 2215 2516 ‚
2286 2448 2357 2500 se

437 2577 478 2620 a
512 2556 638 2619 suis
669 2556 993 2645 Episcopis
1030 2553 1299 2639 relinqui
1313 2598 1332 2634 ,
1367 2553 1611 2638 sibique
1652 2551 1843 2637 objici
1870 2552 2137 2617 schisma
2159 2552 2356 2617 Maxi·-

437 2670 900 2752 mianistarum‚
963 2640 1070 2734 ad‘
1117 2692 1307 2757 quam
1375 2668 1801 2755 objectionem
1864 2668 2021 2733 nihil
2068 2690 2177 2733 eos
2227 2690 2357 2733 res-

436 2785 722 2877 pondere
772 2788 1046 2875 potuisse
1092 2802 1304 2852 narrat
1351 2787 1731 2875 Augustinus
1772 2784 1905 2875 (2),
1975 2801 2163 2874 atque
2210 2786 2365 2852 hine

373 2900 389 2916 ⁶
437 2905 672 2969 multos
693 2906 978 2995 partibus
1003 2904 1238 2971 Donati
1267 2900 1617 2970 valedicere
1634 2952 1653 2988 ,
1702 2905 2047 2969 excitamnt
2077 2904 2361 2971 furorem

440 3022 1039 3088 Circumcellionum
1054 3070 1072 3106 ,
1103 3023 1212 3111 qui
1228 3045 1397 3087 novo
1417 3021 1642 3087 ardore
1660 3024 1729 3085 in
1748 3022 2107 3089 Catholicos
2120 3024 2360 3089 saevire

441 3156 786 3229 coeperunt
818 3140 938 3231 (3).
996 3140 1260 3205 Animos
1285 3162 1438 3230 ergo
1464 3141 1857 3205 exacerbasse
1886 3140 2097 3228 potius
2112 3186 2131 3224 ,
2172 3158 2359 3229 quam

442 3258 877 3323 reconciliasse
922 3255 1232 3323 censenda
1262 3272 1407 3322 sunt
1429 3254 1653 3346 synodi
1680 3256 1953 3323 decreta.

531 3374 718 3439 Multi
731 3376 983 3440 interim
997 3375 1465 3441 Donatistarum
1483 3421 1502 3457 ,
1519 3391 1593 3438 ut
1605 3376 1881 3465 episcopi
1894 3377 2207 3464 utriusque
2218 3392 2361 3465 par-

443 3490 524 3553 tis
563 3493 968 3557 convenirent
1001 3504 1186 3581 atque
1215 3496 1305 3556 sic
1340 3488 1483 3557 lites
1522 3508 2077 3581 componerentur,
2112 3493 2363 3559 efficere

508 3812 589 3879 (Ι)
622 3814 769 3866 cons.
803 3814 1064 3880 Appendix
1101 3819 1157 3870 Τ.
1199 3820 1288 3870 lx.
1328 3820 1457 3886 opp.
1490 3822 1705 3884 August.
1744 3837 1798 3886 p.
1835 3822 1902 3873 29
1934 3827 1989 3874 et
2013 3825 2099 3877 30.

507 3897 590 3965 (2)
622 3898 678 3948 C.
707 3899 879 3951 creso.
911 3900 1039 3951 Bon.
1067 3900 1172 3951 Lib.
1208 3902 1288 3951 111
1321 3903 1345 3969 ς
1382 3903 1469 3956 49.

505 3982 584 4050 (a)
624 3982 834 4045 August.
875 3999 924 4033 ο.
961 3984 1124 4033 crem.
1159 3985 1266 4038 ιιι».
1303 3986 1384 4036 ιιι
1425 3987 1448 4053 ς
1485 3986 1584 4051 oss,
1618 3988 1705 4042 so.
1739 3988 1829 4055 tp.
1868 3990 1967 4051 ss.
2012 3992 2130 4044 ιοσ.
