2917 4967
1353 378 1440 449 81

419 610 702 699 spoliarit
722 656 741 691 ‚
765 607 1060 674 occidit.''
1101 606 1355 689 »Qualis
1381 606 1537 672 fides
1561 609 1624 671 in
1655 610 1835 673 vobis
1862 625 1987 693 est,
2024 634 2181 699 quae
2206 635 2337 679 non

422 728 614 792 habet
645 728 966 791 caritatem
997 724 1087 814 (1)
1108 724 1171 787 ?'’
1262 726 1429 789 »Ubi
1464 725 1566 790 lex
1590 726 1746 808 Dei,
1772 727 1879 791 ubi
1906 724 2335 795 christianitas

423 860 629 909 vestra
665 860 791 926 est,
823 845 875 907 si
910 842 1132 907 caedes
1167 859 1230 907 et
1273 858 1507 907 mortes
1544 843 1749 908 facitis
1792 868 1865 909 ac
1901 846 2133 930 jubetis
2159 846 2249 933 (2)
2270 846 2338 909 ?‘’

417 962 624 1048 Atque
669 984 745 1026 ex
773 984 850 1025 eo
883 962 1190 1025 rationem
1225 959 1569 1025 concludit.
1663 960 1831 1043 »Sic‚
1876 962 2041 1043 sic,”
2092 963 2327 1049 inquit,

413 1080 739 1167 »improbe
764 1092 1128 1168 persecutor
1145 1124 1163 1158 ,
1193 1052 1569 1164 quoeunque
1602 1093 1665 1141 te
1690 1077 1997 1143 velamine
2027 1080 2327 1144 bonitatis

414 1196 723 1281 obtexeris
736 1244 755 1279 ,
796 1218 1168 1283 quocunque
1213 1195 1469 1259 nomine
1507 1194 1679 1283 pacis
1708 1194 1943 1259 bellum
1977 1196 2205 1261 osculis
2229 1220 2330 1285 ge·

411 1335 539 1394 ras,
575 1313 860 1399 quolibet
883 1313 1136 1377 unitatis
1161 1311 1477 1376 vocabulo
1500 1311 1826 1375 hominum
1848 1335 2039 1402 genus
2062 1312 2319 1395 illicias3

416 1429 522 1515 qui
566 1429 867 1493 haetenus
909 1427 1074 1491 fallis
1118 1450 1192 1493 ac
1229 1425 1465 1515 decipis
1486 1475 1507 1509 ‚
1556 1450 1702 1491 vere
1750 1426 1986 1492 diaboli
2023 1426 2187 1492 filius
2224 1452 2289 1494 es
2303 1476 2323 1511 ‚

365 1518 378 1533 Ι
409 1541 560 1607 dum
593 1545 875 1608 moribus
899 1542 1140 1608 indicas
1171 1557 1415 1631 patrem
1445 1542 1597 1631 (3).''
1676 1612 1679 1615 ,
2112 1562 2133 1571 ··

495 1660 679 1724 Hanc
747 1661 1215 1723 Donatistarum
1281 1648 1754 1749 argumentandi
1805 1662 2111 1727 rationem
2161 1686 2333 1739 ever·-

416 1792 550 1841 tere
573 1775 827 1842 studens
852 1775 1231 1866 Augustinus
1239 1762 1264 1858 ⁶,
1299 1775 1369 1839 id
1398 1777 1524 1867 agit
1538 1824 1557 1859 ,
1587 1792 1660 1839 ut
1691 1776 1979 1842 ostendat
1994 1826 2013 1861 ,
2034 1803 2329 1867 persecu-

411 1902 636 1957 tionem
652 1893 885 1983 faeere
915 1878 1125 1959 eamve
1135 1902 1283 1981 pati
1315 1918 1439 1958 non
1474 1895 1922 1983 accensendum
1956 1919 2091 1959 esse
2125 1906 2290 1961 notis
2300 1944 2321 1977 ‚

409 2010 633 2098 quibus
665 2006 1070 2099 dignoscatur
1095 2012 1406 2077 Ecclesia.

495 2126 766 2197 »Facere
799 2129 967 2193 enim
993 2129 1493 2217 persecutionem
1503 2128 1562 2210 ,⁹⁹
1606 2130 1841 2217 inquit,
1882 2153 2051 2197 »non
2080 2146 2174 2194 est
2211 2131 2329 2193 ini-

408 2244 659 2331 quitatis
690 2244 994 2309 indicium
1013 2293 1031 2327 ,
1064 2247 1207 2334 quia
1255 2262 1318 2309 et
1359 2246 1515 2310 boni
1557 2245 1799 2311 faciunt
1842 2248 2051 2329 malis,
2083 2239 2325 2312 et'mali

405 2361 587 2425 bonis
621 2361 771 2449 (4).’'
817 2363 941 2449 Ipsi
971 2363 1162 2425 etiam
1192 2362 1557 2426 Donatistae
1588 2364 1800 2426 multis
1828 2386 1903 2427 ac
1929 2365 2168 2451 magnis
2198 2387 2327 2427 ma-

403 2478 479 2541 lis
546 2468 904 2543 Catholieos
966 2478 1310 2541 affecerunt
1359 2476 1450 2565 (5)
1471 2524 1489 2559 ,
1553 2479 1793 2565 ipsique
1865 2481 2323 2567 persecutiones

404 2594 878 2658 Maximianistis
948 2594 1290 2657 intulerunt
1318 2593 1432 2681 (6).
1542 2593 1940 2682 Quapropter
1985 2596 2060 2658 iis
2119 2594 2273 2659 dicit
2299 2619 2317 2660 :

404 2708 778 2775 nDefendite
821 2732 934 2773 vos
973 2711 1144 2798 ipsos
1178 2735 1214 2774 a
1243 2711 1679 2799 persecutione
1702 2759 1719 2793 ,
1758 2735 1949 2799 quam
1987 2714 2167 2799 passi·
2184 2728 2325 2777 sunt

403 2852 446 2893 a
497 2828 747 2909 vestriS,
798 2827 904 2913 qui
951 2849 1098 2891 cum
1131 2827 1517 2891 Maximiano
1549 2850 1615 2892 se
1676 2851 1715 2891 a
1766 2829 1949 2892 vobis
2004 2850 2325 2917 separave-

399 2961 580 3009 runt:
625 2960 690 3009 et
719 2944 851 3008 illic
872 2944 1200 3008 invenietis
1227 2942 1653 3009 defensionem
1680 2960 1960 3009 nostram
1994 2945 2145 3033 (7).”

485 3062 622 3126 Nec
673 3062 863 3130 etiam
877 3068 1024 3148 pati
1038 3069 1534 3148 persecutionem
1564 3076 1657 3125 est
1677 3062 1957 3147 justitiae
1983 3060 2321 3127 documen-

397 3194 530 3245 tum
547 3227 565 3261 ,
600 3178 750 3265 quia
779 3199 920 3241 eam
941 3199 1072 3241 non
1097 3177 1216 3241 soli
1247 3178 1402 3241 boni
1425 3199 1546 3266 pro
1582 3178 1850 3266 pietate,
1886 3176 1996 3244 sed
2026 3180 2175 3243 mali
2197 3202 2316 3268 pro

398 3296 724 3383 iniquitate
757 3295 1080 3383 patiuntur
1104 3293 1219 3383 (8).
1283 3294 1386 3358 Ab
1413 3317 1492 3359 eo
1523 3295 1736 3359 omnia
1763 3294 2044 3383 pendent
2060 3344 2077 3379 ‚
2104 3312 2319 3359 utrum

455 3459 534 3523 (1)
567 3459 698 3511 Ibid.
736 3458 842 3508 Lib.
879 3456 950 3509 11.
989 3457 1015 3523 ς
1056 3454 1170 3507 171.

455 3542 536 3607 (2)
569 3541 702 3598 lhid..
739 3541 845 3592 Lib.
883 3542 956 3594 11.
994 3540 1018 3607 ς
1053 3538 1175 3590 214.

452 3626 532 3691 (8)
568 3625 699 3679 lbid.
735 3626 842 3676 tib.
882 3626 953 3680 11.
996 3626 1022 3692 ς
1055 3624 1144 3673 38.

451 3706 531 3773 (4)
565 3694 644 3758 Aa
675 3709 926 3761 Donati-t.
961 3724 1018 3774 p.
1050 3706 1234 3758 nouat.
1273 3705 1296 3770 ς
1332 3706 1417 3756 21.

453 3790 532 3853 (5)
567 3791 624 3841 G.
663 3792 768 3841 litt.
808 3790 960 3840 Petit.
995 3786 1110 3839 Lib.
1147 3788 1222 3840 11.
1264 3787 1288 3854 ς
1325 3788 1445 3839 222.
1483 3788 1545 3838 de
1582 3788 1713 3840 unit.
1744 3790 1882 3842 Eool.
1919 3790 1943 3857 ς
1978 3792 2067 3843 55.

449 3871 529 3939 (β)
563 3875 621 3924 C.
658 3873 763 3923 litt.
801 3870 954 3922 Petu.
992 3871 1098 3922 Lib.
1138 3871 1182 3920 1.
1223 3869 1246 3936 ς
1287 3870 1375 3923 20.
1423 3888 1473 3923 ο.
1514 3874 1746 3923 Οτεωοιι.
1780 3873 1891 3927 tib.
1930 3876 2017 3927 lv.
2059 3874 2194 3941 555.

455 3954 533 4017 (7)
568 3956 624 4007 C.
669 3955 774 4005 litt.
812 3954 964 4005 Petu.
1006 3953 1114 4006 Lib.
1150 3952 1222 4006 11.
1261 3954 1285 4021 ς
1323 3954 1410 4005 45.

447 4038 528 4104 (8)
562 4038 640 4090 Λᾶ
684 4039 934 4090 Donatist.
977 4055 1027 4104 p.
1061 4038 1242 4089 Cenat.
1281 4038 1304 4103 ς
1342 4038 1430 4089 21.

2027 4136 2067 4196 6
