2917 4967
1500 382 1594 457 48

581 620 742 689 solvi
777 634 990 711 posset
1013 620 1330 711 quaestio,
1364 618 1579 685 ubisit
1600 642 1731 685 una
1758 606 2215 704 illa'Ecclesia‚
2250 642 2501 688 necesse

583 757 754 825 erat,
796 756 869 805 ut
894 736 1291 822 definiretur,
1324 746 1392 803 in
1427 762 1554 829 qua
1584 762 1653 803 re
1678 746 1805 805 sita
1827 747 1919 805 stt
1942 752 2095 811 nota
2126 739 2455 803 diaeretica
2479 787 2499 822 ,

590 880 713 947 qua
747 858 826 923 ab
869 857 1004 922 aliis
1045 856 1329 923 coetibus
1344 901 1364 939 ,
1403 854 1575 921 idem
1618 857 1737 921 sibi
1770 879 2006 923 nomen
2038 856 2467 947 arrogantibus
2480 904 2500 939 ‚

581 964 1015 1065 distinguatur.

670 1091 811 1156 Hac
836 1087 916 1155 de
939 1112 1010 1155 re
1037 1087 1221 1155 valde
1249 1112 1286 1154 a
1312 1112 1380 1155 se
1397 1088 1668 1155 invicem
1688 1086 2117 1179 discreparant
2136 1088 2506 1155 Donatistae

587 1224 652 1276 et
692 1204 1002 1275 Catholici
1017 1255 1036 1293 ,
1088 1222 1273 1297 atque
1307 1206 1454 1273 illos
1494 1207 1660 1273 inter
1702 1220 1767 1273 et
1798 1208 2219 1299 Augustinum
2258 1222 2511 1274 contro-

581 1328 779 1394 versia
813 1326 1044 1419 agitata
1069 1339 1185 1394 est.

1468 1565 1609 1641 52.

1114 1824 1591 1891 Donatistarum
1632 1825 1970 1891 Sententia.

674 2064 770 2131 Ex
829 2062 1126 2153 opinione
1185 2060 1662 2127 Donatistarum
1724 2059 2135 2149 praecipuum
2189 2058 2507 2128 Ecclesiae

589 2183 1013 2251 characterem
1070 2177 1393 2245 constituit
1440 2180 1756 2243 Sanctitas
1770 2224 1790 2260 ,
1858 2194 1936 2243 ex
1998 2176 2137 2266 qua‘
2172 2199 2301 2244 una
2358 2200 2505 2246 vera

585 2300 814 2367 Christi
837 2297 1117 2363 Ecclesia
1139 2295 1567 2387 dignoscatur.
1648 2294 1767 2360 Illa
1790 2296 1960 2361 enim
1987 2310 2233 2361 constat
2260 2296 2510 2363 Sanctis·

583 2420 630 2485 i.
657 2441 716 2484 e.
745 2417 822 2482 iis
835 2465 854 2500 ,
890 2415 998 2505 qui
1019 2414 1296 2505 peccatis
1319 2412 1660 2478 manifestis
1684 2428 1831 2478 sunt
1852 2412 2181 2480 immunes.
2260 2412 2329 2479 Si
2350 2436 2517 2499 vero·

579 2535 731 2602 solis
761 2532 988 2599 sanctis
1013 2526 1148 2598 non
1173 2544 1451 2613 constat,
1500 2530 1731 2595 Sancta
1758 2528 1885 2595 dici
1908 2552 2040 2596 non
2066 2545 2309 2622 potest3
2356 2554 2504 2597 nam

578 2674 695 2745 per
717 2665 1082 2742 peccatores
1097 2696 1116 2732 ,
1166 2648 1276 2737 qui
1307 2648 1375 2712 in
1400 2646 1721 2714 Ecclesiae
1756 2648 2203 2715 communione
2232 2647 2515 2713 toleran-'

579 2786 685 2835 tur
703 2817 723 2853 ,
754 2783 892 2834 tota
917 2766 1266 2833 maculatur
1294 2766 1596 2847 societas,
1630 2782 1817 2855 atque
1846 2766 2189 2832 sanctitatis
2210 2767 2504 2841 virtutem

585 2886 836 2954 amittit.
910 2885 1050 2950 Hac
1074 2898 1283 2951 autem
1313 2883 1537 2948 amissa
1547 2928 1569 2965 ‚
1599 2882 1773 2949 deest
1802 2884 1863 2949 ei
1892 2898 2048 2949 nota
2067 2906 2253 2949 verae
2283 2883 2499 2949 Eccle-

582 3003 712 3069 siae
734 2998 1056 3066 diacritica
1070 3048 1090 3083 ,
1114 3016 1300 3088 atque
1319 3000 1481 3068 adeo
1498 3024 1649 3066 vera
1665 3000 1949 3067 Ecclesia
1970 3024 2099 3066 esse
2116 3022 2248 3065 non
2265 3016 2525 3090 potest..

581 3116 688 3185 Ad
707 3116 1065 3183 manifestos
1083 3140 1236 3184 vero
1259 3133 1627 3208 peccatores
1642 3114 2005 3183 referendos
2022 3140 2151 3182 esse
2166 3114 2521 3184 traditores.

577 3235 1012 3303 existimabant
1045 3233 1163 3327 (ι).

670 3352 838 3417 Hinc
859 3352 1304 3442 perhibebant,
1326 3352 1695 3417 societatem
1718 3349 2188 3415 catholicorum
2214 3374 2346 3417 non
2372 3374 2506 3418 esse

579 3476 791 3538 veram
809 3469 1177 3543 Ecclesiam:
1206 3469 1296 3537 ibi
1319 3469 1489 3533 enim
1514 3468 2022 3533 communionem
2042 3468 2169 3534 coli
2188 3492 2334 3535 cum
2346 3470 2504 3535 Cae·

579 3588 812 3655 ciliano
827 3636 846 3671 ,
883 3588 1199 3677 Episcopo
1224 3608 1262 3651 a
1285 3584 1497 3651 Felice
1518 3584 1821 3651 traditore
1847 3585 2241 3677 inaugurato.
2320 3586 2521 3651 Hanc.

580 3728 733 3773 vero
764 3706 850 3771 ob
891 3726 1141 3770 causam
1173 3702 1244 3767 in
1272 3702 1565 3768 omnibus
1598 3702 1881 3769 coetibus
1899 3748 1919 3787 ,
1968 3701 2076 3791 qui
2106 3704 2498 3769 communio·

633 3978 718 4044 (1)
747 3976 896 4028 Cous.
931 3973 1146 4041 Augu-t.
1185 3991 1235 4027 c.
1274 3990 1360 4041 ep.
1398 3976 1629 4027 rumen.
1664 3973 1817 4025 Liba
1850 3970 1958 4041 54,
2000 3973 2109 4027 m».
2148 3976 2197 4025 u
2227 3976 2251 4043 ς
2288 3976 2343 4025 11
2368 3992 2511 4043 seqq.

759 4058 866 4111 uh.
903 4058 984 4109 111
1020 4058 1044 4126 ς
1085 4059 1149 4123 l,
1189 4058 1347 4109 Libri·
1379 4058 1496 4113 adv·
1532 4059 1833 4112 Petili-:m-
1854 4091 1874 4122 ‚
1908 4065 2014 4113 cet.
2100 4092 2107 4099 ·
