2917 4967
1461 403 1555 475 94

545 635 809 720 accidit,
843 638 1105 735 mixtum
1135 650 1234 703 est
1261 634 1410 725 (1).”
1502 634 1668 701 mad
1702 636 1869 701 enim
1888 684 1907 719 ,
1946 636 2118 726 quod
2147 638 2311 703 inter
2342 639 2461 703 dis-

549 770 840 845 putantes
879 754 1013 820 fere
1054 776 1298 842 semper
1327 754 1730 835 observatur,
1777 776 1995 819 revera
2026 756 2133 820 hic
2159 757 2351 821 etiam
2379 758 2469 820 lo-

545 894 697 937 cum
742 872 1080 935 obtinuisse
1093 917 1114 952 ‚
1160 870 1408 958 patebit
1421 918 1440 953 ,
1490 870 1543 933 si
1586 866 1669 935 de
1706 870 1963 959 singulis
1991 872 2475 939 Controversiae·
2632 960 2638 965 ·

546 988 858 1078 capitibus
883 986 1169 1052 nonnihil
1195 987 1649 1052 monuerimus.

1431 1226 1574 1301 s1.

595 1454 1027 1520 Controversia
1053 1454 1132 1517 de
1163 1474 1342 1518 verae
1369 1454 1696 1518 Ecclesiae
1724 1466 1877 1518 nota
1900 1454 2429 1519 characteristica.

636 1690 835 1754 Recte
857 1690 1121 1753 omnino
1143 1700 1208 1753 et
1228 1689 1479 1753 veritati
1506 1690 1952 1753 convenienter
1972 1688 2040 1753 in
2066 1711 2141 1753 ea
2167 1690 2471 1779 urgebant

546 1808 912 1873 Donatistae
925 1854 944 1888 ,
973 1820 1222 1871 sanctos
1245 1828 1378 1871 esse
1403 1804 1638 1871 debere
1664 1806 1893 1871 Christi
1916 1828 2153 1871 nomen
2176 1806 2470 1896 profiten-

549 1940 646 1989 tes
659 1970 680 2006 ,
733 1923 1018 2013 inprimis
1067 1944 1392 1987 sacrorum
1444 1922 1747 1987 antistites
1768 1969 1788 2005 ‚
1850 1923 1958 2009 qui
2012 1945 2127 1987 suo
2180 1922 2468 2011 exemplo

540 2038 714 2131 apud
734 2040 1024 2104 'hanzines
1057 2038 1325 2103 multum
1350 2038 1563 2104 valent
1579 2086 1598 2121 ,
1644 2054 2054 2125 sanctamque
2076 2060 2209 2103 esse
2230 2038 2465 2105 debere

543 2158 776 2222 Christi
805 2156 1184 2239 Ecclesiam3
1210 2156 1276 2219 in
1306 2178 1561 2245 gravem
1584 2178 1736 2220 vero
1760 2154 2116 2221 inciderunt
2141 2131 2458 2238 errorem,

543 2272 911 2340 definientes
968 2296 1153 2339 verae
1207 2273 1526 2338 Ecclesiae
1588 2288 1812 2339 notam
1867 2273 2461 2341 cha-acterisficam.

545 2392 704 2457 Eam
727 2393 898 2457 enim
916 2391 1264 2455 absolutam
1285 2398 1677 2455 sanctitatem
1702 2412 1833 2455 esse
1853 2391 2268 2479 perhibebant
2286 2439 2305 2474 ,
2330 2391 2378 2457 i.
2404 2414 2463 2455 e.

536 2532 621 2574 ex
643 2509 791 2574 solis
815 2510 1044 2575 sanctis
1078 2524 1366 2573 constare
1393 2508 1623 2572 Christi
1647 2508 2018 2574 Ecclesiam.
2112 2506 2255 2589 Qua
2288 2507 2369 2574 de
2396 2532 2467 2573 re

540 2628 595 2691 si
634 2627 704 2691 in
746 2630 878 2713 ejus
919 2627 1363 2691 communione
1403 2640 1733 2690 servantur
1759 2642 2125 2714 peccatores
2138 2674 2157 2709 ‚
2194 2626 2330 2691 aliis
2355 2650 2469 2716 per

539 2766 652 2808 eos
711 2743 1148 2808 contaminatis
1166 2790 1185 2825 ,
1247 2742 1550 2807 virtutem
1602 2740 1779 2807 illam
1836 2744 2181 2808 sanctitatis
2240 2745 2470 2809 amitti.

545 2862 714 2927 Hinc
747 2877 957 2926 autem
995 2860 1304 2951 urgebant
1332 2882 1583 2925 severae
1608 2858 1974 2949 disciplinae
1999 2860 2471 2925 Ecclesiasticae

541 3001 725 3043 usum
742 3025 761 3060 ,
807 2978 1121 3067 principio
1169 3000 1284 3041 suo
1311 2975 1524 3045 ducti:
1559 2992 1815 3042 externa
1847 2979 2293 3042 communione
2324 3000 2469 3041 cum

543 3094 722 3159 malis
740 3140 759 3175 ,
787 3095 856 3158 in
895 3109 1150 3158 externa
1177 3094 1460 3159 Ecclesia
1492 3094 1694 3182 pollui
1721 3095 1949 3159 bonos.
2042 3093 2231 3157 Hunc
2259 3106 2468 3156 autem

543 3230 829 3273 errorem
864 3210 933 3274 in
967 3209 1110 3275 luce
1150 3211 1366 3299 posuit
1399 3211 1780 3299 Augustinus
1790 3232 1821 3290 ’,-
1860 3224 2032 3274 recte
2059 3210 2333 3297 probans
2364 3231 2467 3273 ex-

545 3342 726 3390 terna
777 3326 1222 3390 communione
1269 3348 1420 3390 cum
1468 3326 1648 3389 malis
1689 3325 1947 3390 minime
1989 3324 2190 3414 pollui
2217 3325 2423 3390 bonos
2444 3374 2463 3409 ‚

541 3440 660 3507 sed
691 3456 828 3505 tum
857 3440 1111 3507 deinum
1129 3489 1148 3524 ‚
1197 3464 1342 3507 cum
1370 3441 1553 3507 factis
1577 3465 1801 3507 eorum
1832 3436 2252 3507 consentiunt.
2299 3442 2473 3508 Loca

545 3560 720 3633 enim
767 3557 996 3623 Sacrae
1039 3559 1396 3647 scripturae
1413 3606 1432 3641 ,
1480 3580 1640 3647 quae
1665 3560 1734 3623 in
1756 3582 1931 3624 suam
1954 3582 2091 3624 rem
2123 3558 2474 3625 afferebant

549 3674 952 3759 Donatistae,
995 3676 1186 3740 nimis
1219 3674 1302 3740 ad
1322 3676 1602 3740 litteram.
1626 3676 2198 3767 interpretabanun·
2216 3724 2239 3761 ,
2266 3698 2472 3743 -vocao

521 3792 858 3859 holerum*
911 3793 1094 3858 sonui
1159 3794 1557 3858 inhaerentes
1614 3794 2043 3881 orationisque
2111 3789 2474 3859 contextum*

1179 3958 1243 3977 ffl-

514 4028 527 4042 '
607 4060 690 4127 (ι)
728 4060 941 4112 observ.
984 4054 1134 4111 Scor.
1173 4058 1278 4111 tib.
1310 4060 1371 4110 v.
1406 4077 1458 4111 ο.
1504 4044 1597 4125 s‘s
1638 4061 1719 4113 ιο.
1756 4062 1812 4111 τ.
1850 4062 1900 4111 11
1917 4078 1935 4125 ,·
1954 4080 2006 4128 p.
2035 4064 2147 4113 108.
2171 4064 2252 4117 ed.
2276 4067 2474 4117 tertiae.
