2917 4967
1379 416 1424 487 3

418 658 582 721 ticae
615 671 680 721 et
708 655 1122 743 Eloquentiae
1143 654 1365 721 studiis
1389 676 1652 743 operam
1674 651 1869 721 dedit.
1908 654 2209 723 Veterum
2226 659 2357 729 Ro-

418 796 749 839 manorum
779 774 1059 863 scriptis,
1094 772 1436 837 Poetarum
1458 772 1746 861 inprimis
1776 772 2077 840 delectari
2108 778 2351 867 coepit3

415 914 474 954 a·
513 889 901 955 Graecorum
965 912 1120 954 vero
1175 890 1371 955 literis
1397 936 1418 971 ,
1476 904 1547 955 ut
1598 891 1794 955 ceteri
1852 891 1993 957 Afri
2015 940 2035 977 ‚
2092 893 2356 961 alienior

415 1008 644 1073 mansit
661 1056 681 1090 ,
717 1030 866 1073 cum
889 1022 1154 1097 propter
1184 1005 1621 1073 difficultatem
1650 1007 1927 1097 linguam
1958 1012 2356 1101 peregrinam

413 1122 778 1190 addiscendi
793 1170 814 1206 ,
854 1140 991 1189 tum
1035 1140 1299 1214 propter
1346 1124 1627 1213 magistri
1684 1126 2079 1214 asperitatem
2097 1174 2116 1209 ‚
2169 1128 2355 1193 minis

409 1242 656 1332 quippe.
671 1242 1014 1331 poenisque
1043 1242 1295 1307 utentis.
1329 1242 1471 1330 Ipse
1499 1257 1719 1331 postea
1746 1242 1941 1307 fassus
1972 1257 2067 1309 est
2081 1291 2103 1328 ,
2135 1267 2205 1311 se
2233 1246 2352 1310 mi-

411 1360 582 1425 nime
599 1358 910 1425 Graecam
935 1360 1215 1450 linguam
1239 1358 1505 1425 callere:
1541 1358 1715 1447 quod
1739 1376 1953 1425 tamen
1980 1354 2227 1427 non'ita
2254 1379 2349 1429 est

410 1474 850 1566 accipiendum
866 1524 885 1559 ,
927 1500 1004 1541 ac
1033 1477 1088 1541 si
1126 1476 1376 1566 linguae
1395 1475 1676 1543 Graecae
1712 1477 2009 1543 scientiae
2030 1479 2217 1569 plane
2242 1504 2347 1547 ex·

405 1592 617 1661 fuerit.
691 1590 1092 1659 Contrarium
1124 1595 1294 1658 enim
1324 1597 1454 1681 ejus
1478 1595 1711 1683 scripta
1734 1610 2060 1662 testantur.

500 1711 588 1776 At
613 1724 770 1800 quos
794 1709 1132 1778 Madaurae
1155 1711 1366 1777 facere
1388 1728 1642 1801 poterat
1663 1712 2041 1803 Augustinus
2058 1714 2128 1779 in
2148 1716 2341 1781 literis

409 1844 478 1893 et
511 1829 790 1895 oratoria
815 1845 948 1893 arte
982 1852 1343 1919 progressus
1362 1877 1382 1911 ,
1429 1851 1565 1895 non
1589 1829 1735 1895 satis
1756 1830 2071 1897 faciebant
2100 1834 2342 1901 animo·

397 1946 574 2011 sitati
622 1946 824 2011 Patris
837 1994 856 2029 ‚
903 1969 1065 2035 quae
1079 1994 1098 2029 ‚
1127 1946 1304 2012 nulla
1325 1969 1460 2012 non
1484 1969 1712 2037 magna
1736 1946 1817 2013 de
1854 1946 1993 2014 filio
2038 1972 2291 2039 sperans
2316 2000 2335 2035 ,

403 2086 552 2129 eum
567 2064 1008 2155 Carthaginem
1024 2113 1044 2147 ,
1072 2066 1184 2129 ubi
1201 2064 1421 2130 schola
1442 2081 1580 2129 tum
1600 2063 1869 2131 florebat
1882 2069 2165 2132 omnium
2181 2070 2341 2135 cele-

406 2182 679 2249 berrima
694 2231 713 2266 ,
756 2184 1007 2249 mittere
1027 2199 1312 2273 cuperet.
1407 2182 1498 2248 At
1526 2206 1677 2249 vero
1703 2182 1858 2249 dnm
1886 2185 2339 2275 longinquioris

403 2302 921 2390 peregrinationis
933 2319 1168 2367 sumtus
1181 2303 1564 2391 parabantur
1575 2350 1594 2385 ,
1626 2326 1704 2367 ex
1716 2304 2082 2370 necessitate
2097 2303 2339 2371 domes-

402 2419 560 2498 tica,
583 2418 838 2483 feriatus
863 2421 943 2483 ab
963 2420 1139 2483 omni
1154 2419 1395 2500 schola,
1430 2442 1547 2506 per
1558 2419 1873 2509 integrum
1888 2444 2144 2503 annum,
2176 2438 2339 2487 aeta-

397 2536 482 2599 tis
497 2549 706 2599 autem
719 2549 853 2599 erat
865 2533 1147 2598 decimus
1163 2550 1391 2615 sextus,
1419 2556 1565 2597 cum
1579 2536 1939 2621 parentibus
1957 2533 2150 2625 degit.
2188 2536 2335 2602 Hoc
2368 2522 2375 2539 ’

401 2667 648 2740 tempus
688 2651 1038 2740 Augustino
1075 2629 1573 2715 infelicissimum
1600 2650 1741 2715 fuit.
1833 2652 1937 2715 Ab
1962 2654 2137 2715 omni
2164 2654 2333 2719 enim

403 2768 623 2833 labore
647 2790 899 2850 vacans,
927 2789 1054 2831 una
1077 2788 1222 2831 cum
1246 2766 1451 2854 pravis
1470 2767 2029 2851 commilitonibus,
2054 2770 2329 2861 oblecta·
2356 2802 2361 2809 ·

401 2886 630 2950 mentis
679 2900 747 2951 et
793 2884 1215 2973 voluptatibus
1264 2882 1452 2965 vixit,
1502 2906 1537 2949 a
1594 2882 1815 2973 quibus
1848 2907 2148 2952 revocare
2180 2911 2331 2953 eum

393 3002 610 3067 matris
633 3024 837 3090 neque
864 3002 1104 3067 monita
1117 3048 1138 3083 ,
1169 3022 1375 3088 neque
1409 3000 1727 3089 lacrymae
1750 3001 2096 3067 valuerunt.
2156 3004 2322 3071 Tan-

398 3120 548 3187 dem
585 3121 1023 3211 Carthaginem
1073 3118 1260 3202 adiit,
1298 3119 1410 3183 ubi
1436 3119 1735 3183 vitiorum
1772 3118 2083 3186 illecebris
2106 3145 2327 3211 pravo—

395 3262 519 3327 que
563 3237 1142 3327 condiscipulorum
1181 3236 1471 3325 exemplo
1510 3237 1687 3302 brevi
1736 3253 1953 3325 captus
1973 3286 1991 3320 ,
2021 3239 2326 3328 voluptati

395 3371 463 3421 et
485 3354 730 3421 libidini
751 3370 958 3419 totum
991 3376 1059 3419 se
1085 3352 1284 3420 dedit.
1339 3354 1813 3443 Deprecabatur
1837 3344 2093 3441 quidem
2119 3379 2158 3420 a
2181 3357 2323 3423 Deo

393 3473 745 3537 castitatem
759 3519 778 3555 ,
813 3470 926 3537 sed
956 3494 1092 3537 non
1115 3472 1234 3539 nisi
1259 3486 1594 3560 postquam
1619 3486 1765 3535 ante
1790 3494 2018 3558 pravae
2044 3473 2325 3561 cupidini

395 3589 541 3653 satis
571 3589 849 3671 fecisset,
886 3605 974 3671 et,
1005 3612 1087 3653 ne
1116 3589 1246 3653 cito
1279 3586 1695 3670 exaudiretur,
1724 3588 1973 3653 timens.
2008 3590 2327 3657 Concubi-

391 3726 544 3769 nam
579 3704 698 3769 sibi
721 3705 940 3769 sumsit
957 3753 976 3788 ,
1020 3728 1179 3793 quae
1209 3704 1495 3769 ei·annos
1530 3704 1605 3769 18
1632 3718 1786 3768 nato
1812 3702 2011 3769 filium
2048 3708 2319 3795 peperit.

391 3822 540 3887 Hoc
585 3821 722 3887 fere
769 3836 1058 3912 tempore
1108 3837 1290 3912 pater
1340 3820 1607 3887 decessit
1623 3868 1642 3903 ‚
1682 3824 1858 3907 cujus
1904 3837 2119 3889 tamen
2151 3848 2323 3891 mors

349 3930 524 4007 'non
580 3937 906 4029 impedivit
923 3987 942 4023 ,
999 3940 1330 4029 quominus
1390 3939 1767 4029 Carthagine
1821 3940 2018 4005 literis
2066 3964 2326 4030 operam

393 4056 546 4123 dare
597 4072 907 4146 pergeret.
1002 4056 1076 4121 Id
1131 4056 1383 4143 quidem
1430 4081 1509 4121 eo
1537 4056 1745 4122 studio
1780 4059 1979 4145 eaque
2010 4058 2331 4149 diligentia

1946 4198 1970 4236 1
