2917 4967
1381 416 1477 487 55

459 670 595 715 sam
617 694 638 729 ,
687 648 831 735 quia
875 668 992 736 per
1031 660 1236 711 totum
1287 644 1596 711 mnndum
1618 644 1827 709 futura
1850 646 2384 737 praefigurabatur

460 765 764 835 Ecclesia.
855 762 1011 829 Inde
1063 764 1346 853 quaestio
1401 778 1544 829 orta
1582 778 1679 829 est
1718 761 1799 829 de
1830 784 1946 827 usu
1975 773 2141 829 vocis
2168 770 2387 833 mundi

455 886 528 949 in
577 885 798 951 litteris
847 884 1060 951 saeris.
1177 883 1651 947 Donatistarum
1681 882 2047 972 Episcopus
2071 884 2381 951 Emeritus

455 1003 601 1069 loca
641 1024 720 1067 ex
762 1002 1012 1091 scriptis
1057 1001 1351 1065 Joanneis
1400 1000 1771 1065 conferebat
1784 1046 1803 1081 ,
1854 1000 2073 1087 quibus
2114 1004 2380 1067 mundus
2424 1092 2431 1099 ἦ

451 1120 796 1209 opponitur
833 1142 1026 1207 regno
1069 1119 1194 1183 Dei
1214 1165 1233 1200 ,
1280 1132 1466 1205 atque
1498 1114 1648 1184 inde
1679 1115 2025 1199 efficiebat,
2072 1117 2377 1185 mundum

449 1230 702 1326 semper
757 1238 831 1301 in
891 1237 1060 1301 mala
1127 1233 1585 1325 significatione
1654 1236 1931 1324 positum
2000 1258 2135 1300 esse
2158 1284 2179 1321 ,
2253 1260 2373 1303 nec

445 1370 787 1445 propterea
828 1354 1116 1442 usurpari
1160 1353 1438 1443 potuisse
1482 1350 1565 1417 de
1598 1351 1904 1418 Ecclesia.
1993 1352 2373 1443 Augustinus

442 1494 556 1537 sua
598 1473 742 1539 vice
755 1518 774 1555 ,
825 1470 1126 1561 exemplis
1153 1470 1352 1535 allatis
1369 1518 1390 1554 ,
1438 1469 1713 1559 probare
1738 1469 2027 1535 studebat
2042 1519 2061 1554 ,
2091 1473 2369 1539 vocabu-

443 1588 578 1653 lum
599 1586 761 1653 illud
783 1609 952 1652 nunc
981 1587 1151 1651 malo
1165 1635 1184 1668 ,
1219 1609 1387 1651 nunc
1409 1587 1588 1652 bono
1615 1609 1797 1651 sensu
1820 1589 2141 1677 usurpari3
2182 1606 2369 1679 atque
2432 1654 2439 1659 .

444 1706 575 1769 hoe
627 1706 681 1769 si
733 1705 899 1769 bene
926 1719 1243 1785 teneatur,
1281 1703 1523 1769 nullam
1545 1704 1667 1768 hae
1697 1704 1766 1769 in
1792 1728 1862 1769 re
1894 1709 2370 1796 repugnantiam

442 1823 648 1889 inesse
678 1821 902 1887 litteris
931 1822 1124 1886 sacris
1153 1819 1799 1909 (1).Provocabat
1826 1824 2083 1912 insuper
2112 1823 2195 1888 ad
2224 1848 2367 1891 auo-

440 1940 764 2005 toritatem
811 1928 1140 2029 Cypriani,
1201 1949 1390 2027 quam
1433 1940 1770 2005 maximam
1812 1941 2130 2007 habebant
2155 1942 2367 2008 Dona-

439 2057 623 2121 tistae
652 2055 770 2145 (2).

491 2162 496 2169 ’
525 2176 615 2239 At
666 2196 821 2241 vero
851 2174 1220 2239 Donatistae
1242 2222 1260 2257 ‚
1307 2188 1381 2239 ut
1425 2174 1791 2240 manifestos
1820 2191 1993 2241 certe
2039 2177 2243 2243 malos
2287 2200 2367 2243 ex

430 2290 721 2356 Ecclesia
775 2289 1118 2377 ejiciendos
1166 2313 1301 2356 esse
1349 2292 1733 2379 probarent,
1798 2288 2237 2380 provocabant
2282 2294 2365 2358 ad

437 2392 654 2473 omnia
684 2407 971 2496 inprimis
1010 2403 1257 2471 Veteris
1297 2404 1599 2471 Foederis
1626 2408 1775 2472 loca
1791 2454 1810 2487 ,
1858 2409 1971 2472 ubi
2004 2407 2085 2475 de
2111 2426 2366 2475 externa

434 2524 658 2613 populi
681 2523 803 2588 Dei
827 2520 1136 2587 munditia
1157 2522 1381 2612 agitur.
1427 2514 1877 2612 Congerebant
1902 2539 2230 2612 praeterea
2260 2547 2360 2607 ea,

437 2641 662 2728 quibus
690 2638 1202 2704 communionem
1229 2660 1375 2702 cum
1401 2638 1582 2703 malis
1602 2640 1841 2704 babere
1870 2655 2143 2723 vetatur,
2174 2664 2365 2729 quam

439 2756 523 2821 de
551 2771 808 2821 externa
837 2755 1285 2820 communione
1311 2754 1907 2843 interpretabanttm

523 2874 708 2937 Hane
732 2872 926 2962 igitur
941 2860 1322 2937 ¹sententiam
1345 2872 1635 2957 refellere
1658 2888 1921 2939 conatus
1948 2889 2045 2940 est
2067 2875 2359 2966 Augusti·-

431 3002 552 3056 nus
581 2986 912 3055 docendo:
941 2989 1155 3053 omnia
1171 3036 1190 3071 ,
1228 3011 1391 3077 quae
1409 2990 1757 3055 afferebant
1774 3041 1792 3074 ‚
1814 2991 1961 3059 loca
1984 3016 2119 3059 non
2148 2992 2232 3059 de
2252 3016 2361 3059 ex-

434 3122 613 3173 terna
640 3104 1090 3172 communione
1104 3153 1123 3187 ,
1172 3104 1283 3171 sed
1308 3104 1389 3171 de
1418 3114 1667 3173 interna
1683 3157 1703 3191 ,
1750 3131 1883 3193 non
1908 3108 1987 3175 de
2011 3112 2323 3201 eorpomlt
2332 3160 2355 3196 ‚

429 3224 545 3290 sed
594 3221 678 3289 de
717 3223 1035 3312 spirituali
1077 3224 1477 3313 separatione
1526 3224 1895 3315 accipienda
1922 3247 2078 3296 esse.
2163 3229 2357 3311 Quod

431 3342 604 3407 enim
647 3341 872 3405 attinet
917 3339 1098 3404 Pauli
1139 3339 1434 3429 Apostoli
1474 3342 1785 3430 monitum
1828 3343 1885 3432 (1
1923 3347 2072 3412 Cor.
2114 3346 2196 3412 V.
2251 3346 2351 3435 13)

437 3459 682 3547 auferte
717 3458 948 3523 malum
987 3480 1073 3521 ex
1106 3455 1278 3522 vobis
1301 3465 1455 3547 ipsi-5
1465 3505 1488 3539 ,
1536 3460 1872 3525 observare
1893 3464 2103 3547 jubet,
2151 3466 2355 3555 Apos-

435 3577 641 3642 tolum
668 3598 801 3641 non
830 3572 1052 3640 dixisse
1083 3596 1119 3638 e
1145 3583 1631 3665 congregatione
1655 3591 1889 3660 vestr-a,
1936 3581 2057 3645 sed
2074 3606 2159 3648 ex
2184 3586 2356 3652 vobis

434 3701 612 3783 ipsis.
715 3693 812 3759 Eo
859 3691 1156 3757 nimirum
1202 3691 1412 3757 cordae
1458 3695 1920 3783 separationem
1970 3697 2355 3769 intellectam

500 3908 581 3975 (1)
616 3909 807 3959 Brevio-
841 3909 1023 3960 cnunc.
1059 3908 1117 3963 d.
1148 3909 1246 3962 111.
1276 3910 1300 3978 ς
1342 3911 1422 3964 15.
1482 3910 1557 3961 Ad
1591 3912 1771 3962 Donat.
1809 3929 1861 3977 p.
1899 3914 2062 3965 Colla!
2094 3917 2119 3984 ς
2156 3922 2211 3973 9.

501 3991 586 4060 (2)
617 3992 675 4045 c.
711 3992 879 4044 eund.
915 3990 1030 4044 Lib.
1067 3992 1122 4042 11
1155 3993 1180 4060 ς
1218 3993 1283 4055 4,
1329 3992 1393 4043 ad
1425 3994 1606 4073 Donat.
1644 3993 1771 4044 eon.
1808 3996 1889 4061 39
1922 4014 1970 4048 e.
1995 4000 2228 4055 ereccon.
2252 4004 2367 4060 Lib.

621 4075 672 4124 11
707 4075 732 4142 ς
771 4074 836 4125 46
872 4079 925 4126 et
959 4074 1045 4127 47.
