<?xml version="1.0" encoding="UTF-8"?>
<!DOCTYPE html PUBLIC "-//W3C//DTD XHTML 1.0 Transitional//EN"
    "http://www.w3.org/TR/xhtml1/DTD/xhtml1-transitional.dtd">
<html xmlns="http://www.w3.org/1999/xhtml" xml:lang="en" lang="en">
 <head>
  <title>
</title>
<meta http-equiv="Content-Type" content="text/html;charset=utf-8" />
  <meta name='ocr-system' content='tesseract 3.04.00' />
  <meta name='ocr-capabilities' content='ocr_page ocr_carea ocr_par ocr_line ocrx_word'/>
</head>
<body>
  <div class='ocr_page' id='page_1' title='image "./deaurelioaugust00rouxgoog_0071.png"; bbox 0 0 2917 4967; ppageno 0'>
   <div class='ocr_carea' id='block_1_1' title="bbox 1263 406 1467 508">
    <p class='ocr_par' dir='ltr' id='par_1_1' title="bbox 1263 406 1467 508">
     <span class='ocr_line' id='line_1_1' title="bbox 1263 406 1467 508; baseline -0.005 1"><span class='ocrx_word' id='word_1_1' title='bbox 1263 495 1268 501; x_wconf 92' lang='lat'><em>.</em></span> <span class='ocrx_word' id='word_1_2' title='bbox 1371 406 1467 508; x_wconf 73' lang='lat'><strong>53&#39;</strong></span> 
     </span>
    </p>
   </div>
   <div class='ocr_carea' id='block_1_2' title="bbox 399 664 2395 3688">
    <p class='ocr_par' dir='ltr' id='par_1_2' title="bbox 422 664 2377 2398">
     <span class='ocr_line' id='line_1_2' title="bbox 531 664 2377 761; baseline 0.005 -29"><span class='ocrx_word' id='word_1_3' title='bbox 531 667 699 732; x_wconf 82' lang='lat' dir='ltr'><strong>Illud</strong></span> <span class='ocrx_word' id='word_1_4' title='bbox 753 665 961 732; x_wconf 71' lang='lat' dir='ltr'><strong>autem</strong></span> <span class='ocrx_word' id='word_1_5' title='bbox 1008 664 1352 733; x_wconf 85' lang='lat' dir='ltr'><strong>defendens</strong></span> <span class='ocrx_word' id='word_1_6' title='bbox 1406 666 1787 761; x_wconf 80' lang='lat' dir='ltr'><strong>Augustinus</strong></span> <span class='ocrx_word' id='word_1_7' title='bbox 1806 719 1826 753; x_wconf 92' lang='lat'><strong>,</strong></span> <span class='ocrx_word' id='word_1_8' title='bbox 1873 676 2265 760; x_wconf 85' lang='lat' dir='ltr'><strong>provocabat</strong></span> <span class='ocrx_word' id='word_1_9' title='bbox 2295 678 2377 741; x_wconf 83' lang='lat' dir='ltr'><strong>ad</strong></span> 
     </span>
     <span class='ocr_line' id='line_1_3' title="bbox 450 782 2375 873; baseline 0.004 -23"><span class='ocrx_word' id='word_1_10' title='bbox 450 785 628 867; x_wconf 89' lang='lat' dir='ltr'><strong>loca,</strong></span> <span class='ocrx_word' id='word_1_11' title='bbox 682 785 902 873; x_wconf 84' lang='lat' dir='ltr'><strong>quihus</strong></span> <span class='ocrx_word' id='word_1_12' title='bbox 952 782 1235 850; x_wconf 88' lang='lat' dir='ltr'><strong>Ecclesia</strong></span> <span class='ocrx_word' id='word_1_13' title='bbox 1265 801 1337 851; x_wconf 90' lang='lat' dir='ltr'><strong>ut</strong></span> <span class='ocrx_word' id='word_1_14' title='bbox 1361 787 1545 851; x_wconf 90' lang='lat' dir='ltr'><strong>bonis</strong></span> <span class='ocrx_word' id='word_1_15' title='bbox 1576 803 1641 852; x_wconf 89' lang='lat' dir='ltr'><strong>et</strong></span> <span class='ocrx_word' id='word_1_16' title='bbox 1672 788 1849 853; x_wconf 84' lang='lat' dir='ltr'><strong>malis</strong></span> <span class='ocrx_word' id='word_1_17' title='bbox 1877 783 2043 855; x_wconf 87' lang='lat' dir='ltr'><strong>inter</strong></span> <span class='ocrx_word' id='word_1_18' title='bbox 2076 814 2143 857; x_wconf 91' lang='lat' dir='ltr'><strong>se</strong></span> <span class='ocrx_word' id='word_1_19' title='bbox 2169 794 2375 857; x_wconf 81' lang='lat' dir='ltr'><strong>mixtis</strong></span> 
     </span>
     <span class='ocr_line' id='line_1_4' title="bbox 447 902 2373 994; baseline 0.005 -27"><span class='ocrx_word' id='word_1_20' title='bbox 447 917 738 967; x_wconf 81' lang='lat' dir='ltr'><strong>constans</strong></span> <span class='ocrx_word' id='word_1_21' title='bbox 787 902 1183 991; x_wconf 87' lang='lat' dir='ltr'><strong>proponitur.</strong></span> <span class='ocrx_word' id='word_1_22' title='bbox 1277 902 1455 969; x_wconf 82' lang='lat' dir='ltr'><strong>Talia</strong></span> <span class='ocrx_word' id='word_1_23' title='bbox 1497 928 1650 969; x_wconf 78' lang='lat' dir='ltr'><strong>vero</strong></span> <span class='ocrx_word' id='word_1_24' title='bbox 1689 928 1765 970; x_wconf 88' lang='lat' dir='ltr'><strong>ex</strong></span> <span class='ocrx_word' id='word_1_25' title='bbox 1788 921 2059 994; x_wconf 82' lang='lat' dir='ltr'><strong>utroque</strong></span> <span class='ocrx_word' id='word_1_26' title='bbox 2087 908 2373 977; x_wconf 84' lang='lat' dir='ltr'><strong>Foedere</strong></span> 
     </span>
     <span class='ocr_line' id='line_1_5' title="bbox 443 1005 2369 1109; baseline 0.004 -24"><span class='ocrx_word' id='word_1_27' title='bbox 443 1021 620 1109; x_wconf 87' lang='lat' dir='ltr'><strong>petit.</strong></span> <span class='ocrx_word' id='word_1_28' title='bbox 679 1020 816 1085; x_wconf 88' lang='lat' dir='ltr'><strong>Nec</strong></span> <span class='ocrx_word' id='word_1_29' title='bbox 849 1021 984 1107; x_wconf 88' lang='lat' dir='ltr'><strong>quis</strong></span> <span class='ocrx_word' id='word_1_30' title='bbox 1014 1021 1277 1085; x_wconf 89' lang='lat' dir='ltr'><strong>miretur</strong></span> <span class='ocrx_word' id='word_1_31' title='bbox 1299 1005 1489 1085; x_wconf 88' lang='lat' dir='ltr'><strong>etiam</strong></span> <span class='ocrx_word' id='word_1_32' title='bbox 1516 1024 1849 1101; x_wconf 78' lang='lat' dir='ltr'><strong>Canticum</strong></span> <span class='ocrx_word' id='word_1_33' title='bbox 1878 1024 2285 1091; x_wconf 87' lang='lat' dir='ltr'><strong>Canticorum</strong></span> <span class='ocrx_word' id='word_1_34' title='bbox 2309 1028 2369 1092; x_wconf 89' lang='lat' dir='ltr'><strong>ei</strong></span> 
     </span>
     <span class='ocr_line' id='line_1_6' title="bbox 439 1136 2367 1227; baseline 0.004 -26"><span class='ocrx_word' id='word_1_35' title='bbox 439 1138 865 1203; x_wconf 89' lang='lat' dir='ltr'><strong>testimonium</strong></span> <span class='ocrx_word' id='word_1_36' title='bbox 897 1136 1316 1227; x_wconf 81' lang='lat' dir='ltr'><strong>suppeditare.</strong></span> <span class='ocrx_word' id='word_1_37' title='bbox 1367 1138 1513 1202; x_wconf 75' lang='lat' dir='ltr'><strong>«Est</strong></span> <span class='ocrx_word' id='word_1_38' title='bbox 1536 1140 1605 1203; x_wconf 91' lang='lat' dir='ltr'><strong>in</strong></span> <span class='ocrx_word' id='word_1_39' title='bbox 1628 1140 1901 1205; x_wconf 88' lang='lat' dir='ltr'><strong>Canticis</strong></span> <span class='ocrx_word' id='word_1_40' title='bbox 1928 1142 2367 1207; x_wconf 87' lang='lat' dir='ltr'><strong>canticorum”</strong></span> 
     </span>
     <span class='ocr_line' id='line_1_7' title="bbox 438 1253 2367 1344; baseline 0.003 -25"><span class='ocrx_word' id='word_1_41' title='bbox 438 1257 641 1344; x_wconf 84' lang='lat' dir='ltr'><strong>inquit</strong></span> <span class='ocrx_word' id='word_1_42' title='bbox 658 1304 675 1338; x_wconf 87' lang='lat'>‚</span> <span class='ocrx_word' id='word_1_43' title='bbox 725 1285 752 1313; x_wconf 73' lang='grc' dir='ltr'><strong>ιι</strong></span> <span class='ocrx_word' id='word_1_44' title='bbox 767 1253 938 1343; x_wconf 82' lang='lat' dir='ltr'><strong>quod</strong></span> <span class='ocrx_word' id='word_1_45' title='bbox 981 1254 1063 1320; x_wconf 91' lang='lat' dir='ltr'><strong>de</strong></span> <span class='ocrx_word' id='word_1_46' title='bbox 1107 1270 1323 1320; x_wconf 82' lang='lat' dir='ltr'><strong>sancta</strong></span> <span class='ocrx_word' id='word_1_47' title='bbox 1353 1255 1636 1320; x_wconf 86' lang='lat' dir='ltr'><strong>Ecclesia</strong></span> <span class='ocrx_word' id='word_1_48' title='bbox 1667 1255 1907 1322; x_wconf 85' lang='lat' dir='ltr'><strong>dictum</strong></span> <span class='ocrx_word' id='word_1_49' title='bbox 1938 1260 2142 1323; x_wconf 84' lang='lat' dir='ltr'><strong>omnis</strong></span> <span class='ocrx_word' id='word_1_50' title='bbox 2164 1261 2367 1325; x_wconf 91' lang='lat' dir='ltr'><strong>Chris·</strong></span> 
     </span>
     <span class='ocr_line' id='line_1_8' title="bbox 437 1371 2369 1463; baseline 0.003 -28"><span class='ocrx_word' id='word_1_51' title='bbox 437 1374 644 1437; x_wconf 86' lang='lat' dir='ltr'><strong>tianus</strong></span> <span class='ocrx_word' id='word_1_52' title='bbox 698 1371 1011 1462; x_wconf 83' lang='lat' dir='ltr'><strong>agnoscit:</strong></span> <span class='ocrx_word' id='word_1_53' title='bbox 1059 1380 1228 1436; x_wconf 74' lang='lat' dir='ltr'><strong>sicut</strong></span> <span class='ocrx_word' id='word_1_54' title='bbox 1270 1371 1469 1435; x_wconf 84' lang='lat' dir='ltr'><strong>lilium</strong></span> <span class='ocrx_word' id='word_1_55' title='bbox 1518 1379 1586 1435; x_wconf 86' lang='lat' dir='ltr'><strong>in</strong></span> <span class='ocrx_word' id='word_1_56' title='bbox 1640 1374 1841 1437; x_wconf 85' lang='lat' dir='ltr'><strong>medio</strong></span> <span class='ocrx_word' id='word_1_57' title='bbox 1885 1382 2236 1463; x_wconf 76' lang='lat' dir='ltr'><strong>spinarum,</strong></span> <span class='ocrx_word' id='word_1_58' title='bbox 2277 1385 2369 1442; x_wconf 84' lang='lat' dir='ltr'><strong>ita</strong></span> 
     </span>
     <span class='ocr_line' id='line_1_9' title="bbox 422 1487 2360 1580; baseline 0.003 -26"><span class='ocrx_word' id='word_1_59' title='bbox 422 1498 728 1577; x_wconf 75' lang='lat' dir='ltr'><strong>proxima</strong></span> <span class='ocrx_word' id='word_1_60' title='bbox 765 1511 906 1553; x_wconf 84' lang='lat' dir='ltr'><strong>mea</strong></span> <span class='ocrx_word' id='word_1_61' title='bbox 945 1496 1013 1551; x_wconf 85' lang='lat' dir='ltr'><strong>in</strong></span> <span class='ocrx_word' id='word_1_62' title='bbox 1039 1489 1241 1552; x_wconf 85' lang='lat' dir='ltr'><strong>medio</strong></span> <span class='ocrx_word' id='word_1_63' title='bbox 1241 1488 1601 1575; x_wconf 77' lang='lat' dir='ltr'><strong>filiarum.”</strong></span> <span class='ocrx_word' id='word_1_64' title='bbox 1630 1487 1749 1575; x_wconf 87' lang='grc' dir='ltr'><strong>(Π.</strong></span> <span class='ocrx_word' id='word_1_65' title='bbox 1777 1489 1896 1579; x_wconf 69' lang='grc'><strong>2.).</strong></span> <span class='ocrx_word' id='word_1_66' title='bbox 1970 1492 2053 1555; x_wconf 93' lang='lat' dir='ltr'><strong>Et</strong></span> <span class='ocrx_word' id='word_1_67' title='bbox 2082 1495 2360 1580; x_wconf 82' lang='lat' dir='ltr'><strong>quaerit:</strong></span> 
     </span>
     <span class='ocr_line' id='line_1_10' title="bbox 437 1604 2363 1698; baseline 0.007 -35"><span class='ocrx_word' id='word_1_68' title='bbox 437 1604 640 1670; x_wconf 71' lang='lat' dir='ltr'><strong>»unde</strong></span> <span class='ocrx_word' id='word_1_69' title='bbox 691 1604 966 1693; x_wconf 87' lang='lat' dir='ltr'><strong>appellat</strong></span> <span class='ocrx_word' id='word_1_70' title='bbox 1013 1606 1220 1692; x_wconf 89' lang='lat' dir='ltr'><strong>spinas</strong></span> <span class='ocrx_word' id='word_1_71' title='bbox 1234 1652 1253 1686; x_wconf 90' lang='lat'>‚</span> <span class='ocrx_word' id='word_1_72' title='bbox 1306 1606 1424 1669; x_wconf 91' lang='lat' dir='ltr'><strong>nisi</strong></span> <span class='ocrx_word' id='word_1_73' title='bbox 1453 1604 1717 1693; x_wconf 85' lang='lat' dir='ltr'><strong>propter</strong></span> <span class='ocrx_word' id='word_1_74' title='bbox 1745 1606 2195 1698; x_wconf 85' lang='lat' dir='ltr'><strong>malignitatem</strong></span> <span class='ocrx_word' id='word_1_75' title='bbox 2224 1635 2363 1693; x_wconf 83' lang='lat' dir='ltr'><strong>mo-</strong></span> 
     </span>
     <span class='ocr_line' id='line_1_11' title="bbox 433 1720 2363 1815; baseline 0.004 -29"><span class='ocrx_word' id='word_1_76' title='bbox 433 1721 623 1787; x_wconf 81' lang='lat' dir='ltr'><strong>rum?</strong></span> <span class='ocrx_word' id='word_1_77' title='bbox 704 1722 787 1785; x_wconf 92' lang='lat' dir='ltr'><strong>Et</strong></span> <span class='ocrx_word' id='word_1_78' title='bbox 835 1720 1086 1786; x_wconf 88' lang='lat' dir='ltr'><strong>easdem</strong></span> <span class='ocrx_word' id='word_1_79' title='bbox 1133 1720 1302 1786; x_wconf 89' lang='lat' dir='ltr'><strong>unde</strong></span> <span class='ocrx_word' id='word_1_80' title='bbox 1349 1720 1507 1786; x_wconf 88' lang='lat' dir='ltr'><strong>filias</strong></span> <span class='ocrx_word' id='word_1_81' title='bbox 1525 1770 1545 1804; x_wconf 92' lang='lat'><strong>,</strong></span> <span class='ocrx_word' id='word_1_82' title='bbox 1603 1723 1721 1787; x_wconf 88' lang='lat' dir='ltr'><strong>nisi</strong></span> <span class='ocrx_word' id='word_1_83' title='bbox 1774 1741 2037 1815; x_wconf 85' lang='lat' dir='ltr'><strong>propter</strong></span> <span class='ocrx_word' id='word_1_84' title='bbox 2087 1750 2363 1794; x_wconf 91' lang='lat' dir='ltr'><strong>commu-</strong></span> 
     </span>
     <span class='ocr_line' id='line_1_12' title="bbox 433 1838 2357 1917; baseline 0.004 -13"><span class='ocrx_word' id='word_1_85' title='bbox 433 1840 692 1905; x_wconf 88' lang='lat' dir='ltr'><strong>nionem</strong></span> <span class='ocrx_word' id='word_1_86' title='bbox 737 1854 1271 1917; x_wconf 83' lang='lat' dir='ltr'><strong>sacramentorum</strong></span> <span class='ocrx_word' id='word_1_87' title='bbox 1291 1838 1360 1903; x_wconf 75' lang='lat'><strong>?”</strong></span> <span class='ocrx_word' id='word_1_88' title='bbox 1460 1838 1638 1905; x_wconf 89' lang='lat' dir='ltr'><strong>Idem</strong></span> <span class='ocrx_word' id='word_1_89' title='bbox 1689 1864 1767 1905; x_wconf 81' lang='lat' dir='ltr'><strong>ex</strong></span> <span class='ocrx_word' id='word_1_90' title='bbox 1816 1842 2157 1907; x_wconf 87' lang='lat' dir='ltr'><strong>Ezechielis</strong></span> <span class='ocrx_word' id='word_1_91' title='bbox 2208 1845 2357 1912; x_wconf 90' lang='lat' dir='ltr'><strong>loco</strong></span> 
     </span>
     <span class='ocr_line' id='line_1_13' title="bbox 431 1954 2353 2048; baseline 0.004 -27"><span class='ocrx_word' id='word_1_92' title='bbox 431 1956 690 2021; x_wconf 88' lang='lat' dir='ltr'><strong>conficit</strong></span> <span class='ocrx_word' id='word_1_93' title='bbox 710 2004 729 2040; x_wconf 90' lang='lat'><strong>,</strong></span> <span class='ocrx_word' id='word_1_94' title='bbox 778 1956 891 2019; x_wconf 92' lang='lat' dir='ltr'><strong>ubi</strong></span> <span class='ocrx_word' id='word_1_95' title='bbox 918 1954 995 2020; x_wconf 91' lang='lat' dir='ltr'><strong>de</strong></span> <span class='ocrx_word' id='word_1_96' title='bbox 1018 1956 1272 2044; x_wconf 86' lang='lat' dir='ltr'><strong>signatis</strong></span> <span class='ocrx_word' id='word_1_97' title='bbox 1302 1955 1673 2043; x_wconf 85' lang='lat' dir='ltr'><strong>quibusdam</strong></span> <span class='ocrx_word' id='word_1_98' title='bbox 1703 1956 2059 2048; x_wconf 79' lang='lat' dir='ltr'><strong>Prophetae</strong></span> <span class='ocrx_word' id='word_1_99' title='bbox 2089 1959 2353 2029; x_wconf 84' lang='lat' dir='ltr'><strong>dicitur:</strong></span> 
     </span>
     <span class='ocr_line' id='line_1_14' title="bbox 423 2072 2353 2166; baseline 0.002 -27"><span class='ocrx_word' id='word_1_100' title='bbox 423 2084 535 2166; x_wconf 86' lang='lat' dir='ltr'><strong>qui</strong></span> <span class='ocrx_word' id='word_1_101' title='bbox 550 2086 814 2165; x_wconf 81' lang='lat' dir='ltr'><strong>gemunt</strong></span> <span class='ocrx_word' id='word_1_102' title='bbox 831 2088 898 2140; x_wconf 79' lang='lat' dir='ltr'><strong>et</strong></span> <span class='ocrx_word' id='word_1_103' title='bbox 913 2072 1468 2162; x_wconf 71' lang='lat' dir='ltr'><strong>mercntpeccata</strong></span> <span class='ocrx_word' id='word_1_104' title='bbox 1498 2089 1566 2139; x_wconf 83' lang='lat' dir='ltr'><strong>et</strong></span> <span class='ocrx_word' id='word_1_105' title='bbox 1585 2083 1945 2165; x_wconf 75' lang='lat' dir='ltr'><strong>iniquitates</strong></span> <span class='ocrx_word' id='word_1_106' title='bbox 1957 2079 2179 2165; x_wconf 83' lang='lat' dir='ltr'><strong>populi</strong></span> <span class='ocrx_word' id='word_1_107' title='bbox 2198 2088 2323 2144; x_wconf 78' lang='lat' dir='ltr'><strong>mei</strong></span> <span class='ocrx_word' id='word_1_108' title='bbox 2333 2128 2353 2164; x_wconf 90' lang='lat'>,</span> 
     </span>
     <span class='ocr_line' id='line_1_15' title="bbox 422 2191 2355 2287; baseline 0.003 -30"><span class='ocrx_word' id='word_1_109' title='bbox 422 2217 586 2283; x_wconf 84' lang='lat' dir='ltr'><strong>quae</strong></span> <span class='ocrx_word' id='word_1_110' title='bbox 587 2196 771 2283; x_wconf 84' lang='lat' dir='ltr'><strong>fiunt</strong></span> <span class='ocrx_word' id='word_1_111' title='bbox 791 2202 855 2256; x_wconf 85' lang='lat' dir='ltr'><strong>in</strong></span> <span class='ocrx_word' id='word_1_112' title='bbox 880 2193 1081 2257; x_wconf 85' lang='lat' dir='ltr'><strong>medio</strong></span> <span class='ocrx_word' id='word_1_113' title='bbox 1103 2215 1338 2257; x_wconf 83' lang='lat' dir='ltr'><strong>eorum.</strong></span> <span class='ocrx_word' id='word_1_114' title='bbox 1362 2191 1499 2279; x_wconf 88' lang='lat' dir='ltr'><strong>(IX.</strong></span> <span class='ocrx_word' id='word_1_115' title='bbox 1523 2192 1630 2281; x_wconf 78' lang='lat'><strong>4):</strong></span> <span class='ocrx_word' id='word_1_116' title='bbox 1667 2210 1851 2282; x_wconf 88' lang='lat' dir='ltr'><strong>atque</strong></span> <span class='ocrx_word' id='word_1_117' title='bbox 1870 2216 1948 2259; x_wconf 86' lang='lat' dir='ltr'><strong>ex</strong></span> <span class='ocrx_word' id='word_1_118' title='bbox 1965 2217 2043 2259; x_wconf 91' lang='lat' dir='ltr'><strong>eo</strong></span> <span class='ocrx_word' id='word_1_119' title='bbox 2067 2196 2159 2261; x_wconf 90' lang='lat' dir='ltr'><strong>sic</strong></span> <span class='ocrx_word' id='word_1_120' title='bbox 2181 2219 2355 2287; x_wconf 84' lang='lat' dir='ltr'><strong>argu-</strong></span> 
     </span>
     <span class='ocr_line' id='line_1_16' title="bbox 424 2307 2351 2398; baseline 0.002 -25"><span class='ocrx_word' id='word_1_121' title='bbox 424 2325 738 2375; x_wconf 90' lang='lat' dir='ltr'><strong>mentatur</strong></span> <span class='ocrx_word' id='word_1_122' title='bbox 763 2331 781 2373; x_wconf 73' lang='lat' dir='ltr'><strong>t</strong></span> <span class='ocrx_word' id='word_1_123' title='bbox 831 2308 1184 2397; x_wconf 75' lang='lat' dir='ltr'><strong>»Populum</strong></span> <span class='ocrx_word' id='word_1_124' title='bbox 1233 2330 1418 2371; x_wconf 86' lang='lat' dir='ltr'><strong>suum</strong></span> <span class='ocrx_word' id='word_1_125' title='bbox 1465 2330 1599 2372; x_wconf 89' lang='lat' dir='ltr'><strong>non</strong></span> <span class='ocrx_word' id='word_1_126' title='bbox 1648 2307 1920 2392; x_wconf 90' lang='lat' dir='ltr'><strong>diceret,</strong></span> <span class='ocrx_word' id='word_1_127' title='bbox 1974 2333 2160 2398; x_wconf 89' lang='lat' dir='ltr'><strong>quem</strong></span> <span class='ocrx_word' id='word_1_128' title='bbox 2202 2314 2351 2377; x_wconf 84' lang='lat' dir='ltr'><strong>solis</strong></span> 
     </span>
    </p>

    <p class='ocr_par' dir='ltr' id='par_1_3' title="bbox 418 2422 2352 2631">
     <span class='ocr_line' id='line_1_17' title="bbox 418 2422 2352 2515; baseline 0.001 -26"><span class='ocrx_word' id='word_1_129' title='bbox 418 2424 541 2490; x_wconf 85' lang='lat' dir='ltr'><strong>illis</strong></span> <span class='ocrx_word' id='word_1_130' title='bbox 587 2425 814 2490; x_wconf 88' lang='lat' dir='ltr'><strong>illaesis</strong></span> <span class='ocrx_word' id='word_1_131' title='bbox 842 2424 1049 2513; x_wconf 89' lang='lat' dir='ltr'><strong>perire</strong></span> <span class='ocrx_word' id='word_1_132' title='bbox 1077 2446 1227 2488; x_wconf 83' lang='lat' dir='ltr'><strong>mox</strong></span> <span class='ocrx_word' id='word_1_133' title='bbox 1252 2422 1432 2509; x_wconf 88' lang='lat' dir='ltr'><strong>jubet</strong></span> <span class='ocrx_word' id='word_1_134' title='bbox 1454 2470 1474 2504; x_wconf 87' lang='lat'>‚</span> <span class='ocrx_word' id='word_1_135' title='bbox 1522 2424 1641 2487; x_wconf 90' lang='lat' dir='ltr'><strong>nisi</strong></span> <span class='ocrx_word' id='word_1_136' title='bbox 1668 2446 1812 2489; x_wconf 90' lang='lat' dir='ltr'><strong>eum</strong></span> <span class='ocrx_word' id='word_1_137' title='bbox 1841 2425 2148 2514; x_wconf 86' lang='lat' dir='ltr'><strong>populum</strong></span> <span class='ocrx_word' id='word_1_138' title='bbox 2174 2474 2193 2508; x_wconf 90' lang='lat'>,</span> <span class='ocrx_word' id='word_1_139' title='bbox 2244 2431 2352 2515; x_wconf 88' lang='lat' dir='ltr'><strong>qui</strong></span> 
     </span>
     <span class='ocr_line' id='line_1_18' title="bbox 421 2538 1326 2631; baseline -0.002 -24"><span class='ocrx_word' id='word_1_140' title='bbox 421 2545 552 2629; x_wconf 85' lang='lat' dir='ltr'><strong>ejus</strong></span> <span class='ocrx_word' id='word_1_141' title='bbox 573 2556 960 2607; x_wconf 88' lang='lat' dir='ltr'><strong>sacramenta</strong></span> <span class='ocrx_word' id='word_1_142' title='bbox 985 2538 1326 2631; x_wconf 87' lang='lat' dir='ltr'><strong>gestabat.&#39;’</strong></span> 
     </span>
    </p>

    <p class='ocr_par' dir='ltr' id='par_1_4' title="bbox 399 2642 2395 3688">
     <span class='ocr_line' id='line_1_19' title="bbox 509 2642 2344 2748; baseline 0.002 -25"><span class='ocrx_word' id='word_1_143' title='bbox 509 2659 784 2724; x_wconf 83' lang='lat' dir='ltr'><strong>Maxime</strong></span> <span class='ocrx_word' id='word_1_144' title='bbox 837 2642 988 2723; x_wconf 79' lang='lat' dir='ltr'><strong>vero</strong></span> <span class='ocrx_word' id='word_1_145' title='bbox 1055 2655 1136 2720; x_wconf 90' lang='lat' dir='ltr'><strong>ad</strong></span> <span class='ocrx_word' id='word_1_146' title='bbox 1198 2656 1386 2745; x_wconf 86' lang='lat' dir='ltr'><strong>ipsius</strong></span> <span class='ocrx_word' id='word_1_147' title='bbox 1424 2656 1459 2719; x_wconf 84' lang='lat' dir='ltr'>J</span> <span class='ocrx_word' id='word_1_148' title='bbox 1460 2680 1569 2721; x_wconf 90' lang='lat' dir='ltr'><strong>esu</strong></span> <span class='ocrx_word' id='word_1_149' title='bbox 1619 2657 1811 2723; x_wconf 87' lang='lat' dir='ltr'><strong>effata</strong></span> <span class='ocrx_word' id='word_1_150' title='bbox 1847 2674 2157 2748; x_wconf 81' lang='lat' dir='ltr'><strong>provocat</strong></span> <span class='ocrx_word' id='word_1_151' title='bbox 2173 2707 2192 2743; x_wconf 90' lang='lat'>,</span> <span class='ocrx_word' id='word_1_152' title='bbox 2246 2684 2344 2727; x_wconf 87' lang='lat' dir='ltr'><strong>ea-</strong></span> 
     </span>
     <span class='ocr_line' id='line_1_20' title="bbox 419 2773 2343 2867; baseline 0.002 -26"><span class='ocrx_word' id='word_1_153' title='bbox 419 2800 541 2867; x_wconf 86' lang='lat' dir='ltr'><strong>que</strong></span> <span class='ocrx_word' id='word_1_154' title='bbox 569 2776 797 2866; x_wconf 85' lang='lat' dir='ltr'><strong>repetit</strong></span> <span class='ocrx_word' id='word_1_155' title='bbox 835 2798 872 2840; x_wconf 85' lang='lat' dir='ltr'><strong>e</strong></span> <span class='ocrx_word' id='word_1_156' title='bbox 906 2773 1142 2838; x_wconf 87' lang='lat' dir='ltr'><strong>duabus</strong></span> <span class='ocrx_word' id='word_1_157' title='bbox 1181 2773 1214 2836; x_wconf 89' lang='lat' dir='ltr'>J</span> <span class='ocrx_word' id='word_1_158' title='bbox 1217 2796 1324 2837; x_wconf 87' lang='lat' dir='ltr'><strong>esu</strong></span> <span class='ocrx_word' id='word_1_159' title='bbox 1357 2773 1708 2863; x_wconf 80' lang='lat' dir='ltr'><strong>parabolis3</strong></span> <span class='ocrx_word' id='word_1_160' title='bbox 1749 2775 1944 2841; x_wconf 89' lang='lat' dir='ltr'><strong>altera</strong></span> <span class='ocrx_word' id='word_1_161' title='bbox 1970 2776 2051 2843; x_wconf 89' lang='lat' dir='ltr'><strong>de</strong></span> <span class='ocrx_word' id='word_1_162' title='bbox 2078 2785 2343 2845; x_wconf 75' lang='lat' dir='ltr'><strong>zizaniis</strong></span> 
     </span>
     <span class='ocr_line' id='line_1_21' title="bbox 418 2871 2340 2985; baseline 0 -24"><span class='ocrx_word' id='word_1_163' title='bbox 418 2905 483 2961; x_wconf 84' lang='lat' dir='ltr'><strong>in</strong></span> <span class='ocrx_word' id='word_1_164' title='bbox 506 2918 663 2985; x_wconf 80' lang='lat' dir='ltr'><strong>agro</strong></span> <span class='ocrx_word' id='word_1_165' title='bbox 676 2942 697 2975; x_wconf 86' lang='lat'><em>,</em></span> <span class='ocrx_word' id='word_1_166' title='bbox 731 2871 925 2958; x_wconf 74' lang='lat' dir='ltr'><strong>altera</strong></span> <span class='ocrx_word' id='word_1_167' title='bbox 951 2890 1030 2957; x_wconf 90' lang='lat' dir='ltr'><strong>de</strong></span> <span class='ocrx_word' id='word_1_168' title='bbox 1056 2915 1293 2981; x_wconf 79' lang='lat' dir='ltr'><strong>sagena</strong></span> <span class='ocrx_word' id='word_1_169' title='bbox 1313 2900 1517 2956; x_wconf 79' lang='lat' dir='ltr'><strong>omnis</strong></span> <span class='ocrx_word' id='word_1_170' title='bbox 1534 2900 1789 2981; x_wconf 76' lang='lat' dir='ltr'><strong>generis</strong></span> <span class='ocrx_word' id='word_1_171' title='bbox 1802 2892 2085 2981; x_wconf 76' lang='lat' dir='ltr'><strong>piscibus</strong></span> <span class='ocrx_word' id='word_1_172' title='bbox 2107 2896 2340 2983; x_wconf 83' lang='lat' dir='ltr'><strong>repleta</strong></span> 
     </span>
     <span class='ocr_line' id='line_1_22' title="bbox 415 3009 2336 3103; baseline 0.001 -25"><span class='ocrx_word' id='word_1_173' title='bbox 415 3014 626 3103; x_wconf 84' lang='lat' dir='ltr'><strong>(Matt.</strong></span> <span class='ocrx_word' id='word_1_174' title='bbox 661 3011 864 3100; x_wconf 82' lang='lat' dir='ltr'>XIII).</span> <span class='ocrx_word' id='word_1_175' title='bbox 923 3011 1006 3074; x_wconf 89' lang='lat' dir='ltr'><strong>Iis</strong></span> <span class='ocrx_word' id='word_1_176' title='bbox 1041 3010 1208 3076; x_wconf 90' lang='lat' dir='ltr'><strong>enim</strong></span> <span class='ocrx_word' id='word_1_177' title='bbox 1245 3011 1629 3100; x_wconf 88' lang='lat' dir='ltr'><strong>apertissime</strong></span> <span class='ocrx_word' id='word_1_178' title='bbox 1653 3009 1935 3077; x_wconf 87' lang='lat' dir='ltr'><strong>docuisse</strong></span> <span class='ocrx_word' id='word_1_179' title='bbox 1958 3012 2165 3077; x_wconf 82' lang='lat' dir='ltr'><strong>Iesum</strong></span> <span class='ocrx_word' id='word_1_180' title='bbox 2190 3014 2336 3080; x_wconf 87' lang='lat' dir='ltr'><strong>con-</strong></span> 
     </span>
     <span class='ocr_line' id='line_1_23' title="bbox 410 3128 2331 3218; baseline 0.001 -22"><span class='ocrx_word' id='word_1_181' title='bbox 410 3130 707 3197; x_wconf 86' lang='lat' dir='ltr'><strong>tendebat</strong></span> <span class='ocrx_word' id='word_1_182' title='bbox 729 3179 747 3212; x_wconf 91' lang='lat'>,</span> <span class='ocrx_word' id='word_1_183' title='bbox 805 3128 1006 3194; x_wconf 84' lang='lat' dir='ltr'><strong>malos</strong></span> <span class='ocrx_word' id='word_1_184' title='bbox 1056 3144 1121 3193; x_wconf 88' lang='lat' dir='ltr'><strong>et</strong></span> <span class='ocrx_word' id='word_1_185' title='bbox 1165 3128 1368 3192; x_wconf 88' lang='lat' dir='ltr'><strong>bonos</strong></span> <span class='ocrx_word' id='word_1_186' title='bbox 1411 3129 1481 3192; x_wconf 87' lang='lat' dir='ltr'><strong>in</strong></span> <span class='ocrx_word' id='word_1_187' title='bbox 1522 3128 1801 3193; x_wconf 87' lang='lat' dir='ltr'><strong>Ecclesia</strong></span> <span class='ocrx_word' id='word_1_188' title='bbox 1838 3152 1946 3193; x_wconf 89' lang='lat' dir='ltr'><strong>sua</strong></span> <span class='ocrx_word' id='word_1_189' title='bbox 1988 3132 2331 3218; x_wconf 84' lang='lat' dir='ltr'><strong>permixtos</strong></span> 
     </span>
     <span class='ocr_line' id='line_1_24' title="bbox 409 3242 2331 3336; baseline 0.001 -23"><span class='ocrx_word' id='word_1_190' title='bbox 409 3272 538 3314; x_wconf 81' lang='lat' dir='ltr'><strong>esse</strong></span> <span class='ocrx_word' id='word_1_191' title='bbox 584 3262 768 3334; x_wconf 87' lang='lat' dir='ltr'><strong>atque</strong></span> <span class='ocrx_word' id='word_1_192' title='bbox 813 3248 905 3311; x_wconf 88' lang='lat' dir='ltr'><strong>ita</strong></span> <span class='ocrx_word' id='word_1_193' title='bbox 952 3242 1034 3309; x_wconf 91' lang='lat' dir='ltr'><strong>ad</strong></span> <span class='ocrx_word' id='word_1_194' title='bbox 1085 3268 1442 3334; x_wconf 87' lang='lat' dir='ltr'><strong>supremum</strong></span> <span class='ocrx_word' id='word_1_195' title='bbox 1489 3268 1684 3333; x_wconf 85' lang='lat' dir='ltr'><strong>usque</strong></span> <span class='ocrx_word' id='word_1_196' title='bbox 1712 3245 2024 3333; x_wconf 86' lang='lat' dir='ltr'><strong>judicium</strong></span> <span class='ocrx_word' id='word_1_197' title='bbox 2046 3270 2331 3336; x_wconf 88' lang='lat' dir='ltr'><strong>perman-</strong></span> 
     </span>
     <span class='ocr_line' id='line_1_25' title="bbox 407 3361 2326 3455; baseline -0.001 -24"><span class='ocrx_word' id='word_1_198' title='bbox 407 3390 581 3431; x_wconf 83' lang='lat' dir='ltr'><strong>suros</strong></span> <span class='ocrx_word' id='word_1_199' title='bbox 603 3365 694 3455; x_wconf 85' lang='lat'><strong>(1)</strong></span> <span class='ocrx_word' id='word_1_200' title='bbox 716 3389 734 3447; x_wconf 84' lang='lat'>3</span> <span class='ocrx_word' id='word_1_201' title='bbox 779 3381 965 3451; x_wconf 89' lang='lat' dir='ltr'><strong>atque</strong></span> <span class='ocrx_word' id='word_1_202' title='bbox 990 3365 1118 3428; x_wconf 91' lang='lat' dir='ltr'><strong>hoc</strong></span> <span class='ocrx_word' id='word_1_203' title='bbox 1145 3365 1504 3452; x_wconf 87' lang='lat' dir='ltr'><strong>conspirare</strong></span> <span class='ocrx_word' id='word_1_204' title='bbox 1523 3361 1685 3428; x_wconf 74' lang='lat' dir='ltr'><strong>&#39;dicit</strong></span> <span class='ocrx_word' id='word_1_205' title='bbox 1706 3388 1853 3429; x_wconf 95' lang='lat' dir='ltr'><strong>cum</strong></span> <span class='ocrx_word' id='word_1_206' title='bbox 1865 3364 2326 3453; x_wconf 88' lang='lat' dir='ltr'><strong>Prophetarum</strong></span> 
     </span>
     <span class='ocr_line' id='line_1_26' title="bbox 403 3482 2395 3571; baseline 0.001 -24"><span class='ocrx_word' id='word_1_207' title='bbox 403 3483 716 3549; x_wconf 84' lang='lat' dir='ltr'><strong>doctrina.</strong></span> <span class='ocrx_word' id='word_1_208' title='bbox 791 3482 892 3547; x_wconf 83' lang='lat' dir='ltr'><strong>Il-li</strong></span> <span class='ocrx_word' id='word_1_209' title='bbox 934 3482 1103 3548; x_wconf 89' lang='lat' dir='ltr'><strong>enim</strong></span> <span class='ocrx_word' id='word_1_210' title='bbox 1131 3498 1462 3570; x_wconf 87' lang='lat' dir='ltr'><strong>utrumque</strong></span> <span class='ocrx_word' id='word_1_211' title='bbox 1493 3482 1820 3545; x_wconf 86' lang='lat' dir='ltr'><strong>hominum</strong></span> <span class='ocrx_word' id='word_1_212' title='bbox 1843 3505 2035 3571; x_wconf 85' lang='lat' dir='ltr'><strong>genus</strong></span> <span class='ocrx_word' id='word_1_213' title='bbox 2059 3484 2324 3571; x_wconf 86' lang='lat' dir='ltr'><strong>permix-</strong></span> <span class='ocrx_word' id='word_1_214' title='bbox 2386 3498 2395 3508; x_wconf 80' lang='lat'><strong><em>‘</em></strong></span> 
     </span>
     <span class='ocr_line' id='line_1_27' title="bbox 399 3596 2317 3688; baseline -0.001 -22"><span class='ocrx_word' id='word_1_215' title='bbox 399 3616 536 3666; x_wconf 89' lang='lat' dir='ltr'><strong>tum</strong></span> <span class='ocrx_word' id='word_1_216' title='bbox 561 3622 692 3665; x_wconf 83' lang='lat' dir='ltr'><strong>esse</strong></span> <span class='ocrx_word' id='word_1_217' title='bbox 718 3597 938 3664; x_wconf 86' lang='lat' dir='ltr'><strong>dicunt</strong></span> <span class='ocrx_word' id='word_1_218' title='bbox 958 3622 1076 3688; x_wconf 89' lang='lat' dir='ltr'><strong>per</strong></span> <span class='ocrx_word' id='word_1_219' title='bbox 1103 3613 1311 3664; x_wconf 90' lang='lat' dir='ltr'><strong>totum</strong></span> <span class='ocrx_word' id='word_1_220' title='bbox 1339 3596 1643 3663; x_wconf 90' lang='lat' dir='ltr'><strong>mundum</strong></span> <span class='ocrx_word' id='word_1_221' title='bbox 1658 3647 1677 3682; x_wconf 92' lang='lat'>,</span> <span class='ocrx_word' id='word_1_222' title='bbox 1712 3597 1782 3664; x_wconf 91' lang='lat' dir='ltr'><strong>id</strong></span> <span class='ocrx_word' id='word_1_223' title='bbox 1804 3615 1899 3667; x_wconf 74' lang='lat' dir='ltr'><strong>est</strong></span> <span class='ocrx_word' id='word_1_224' title='bbox 1915 3646 1935 3683; x_wconf 85' lang='lat'>‚</span> <span class='ocrx_word' id='word_1_225' title='bbox 1968 3621 2085 3688; x_wconf 87' lang='lat' dir='ltr'><strong>per</strong></span> <span class='ocrx_word' id='word_1_226' title='bbox 2112 3615 2317 3665; x_wconf 87' lang='lat' dir='ltr'><strong>totum</strong></span> 
     </span>
    </p>
   </div>
   <div class='ocr_carea' id='block_1_3' title="bbox 399 3716 1045 3809">
    <p class='ocr_par' dir='ltr' id='par_1_5' title="bbox 399 3716 1045 3809">
     <span class='ocr_line' id='line_1_28' title="bbox 399 3716 1045 3809; baseline 0 -26"><span class='ocrx_word' id='word_1_227' title='bbox 399 3742 616 3809; x_wconf 84' lang='lat' dir='ltr'><strong>agrum</strong></span> <span class='ocrx_word' id='word_1_228' title='bbox 638 3717 899 3785; x_wconf 87' lang='lat' dir='ltr'><strong>Domini</strong></span> <span class='ocrx_word' id='word_1_229' title='bbox 927 3716 1045 3806; x_wconf 79' lang='lat'><em>(2).</em></span> 
     </span>
    </p>
   </div>
   <div class='ocr_carea' id='block_1_4' title="bbox 457 4006 1451 4159">
    <p class='ocr_par' dir='ltr' id='par_1_6' title="bbox 457 4006 1451 4159">
     <span class='ocr_line' id='line_1_29' title="bbox 458 4006 1176 4074; baseline -0.003 -15"><span class='ocrx_word' id='word_1_230' title='bbox 458 4011 538 4074; x_wconf 85' lang='lat' dir='ltr'><strong>(l)</strong></span> <span class='ocrx_word' id='word_1_231' title='bbox 571 4011 646 4059; x_wconf 80' lang='lat' dir='ltr'><strong>De</strong></span> <span class='ocrx_word' id='word_1_232' title='bbox 680 4009 816 4059; x_wconf 74' lang='lat' dir='ltr'><strong>unit.</strong></span> <span class='ocrx_word' id='word_1_233' title='bbox 851 4006 988 4057; x_wconf 81' lang='lat' dir='ltr'><strong>Eccl.</strong></span> <span class='ocrx_word' id='word_1_234' title='bbox 1029 4006 1052 4072; x_wconf 58' lang='grc'>3</span> <span class='ocrx_word' id='word_1_235' title='bbox 1088 4006 1176 4057; x_wconf 70' lang='lat'><strong>35.</strong></span> 
     </span>
     <span class='ocr_line' id='line_1_30' title="bbox 457 4084 1451 4159; baseline -0.005 -18"><span class='ocrx_word' id='word_1_236' title='bbox 457 4091 539 4159; x_wconf 79' lang='lat'><strong>(2)</strong></span> <span class='ocrx_word' id='word_1_237' title='bbox 574 4094 631 4143; x_wconf 85' lang='lat' dir='ltr'><strong>C.</strong></span> <span class='ocrx_word' id='word_1_238' title='bbox 670 4091 794 4143; x_wconf 75' lang='lat' dir='ltr'><strong>litt..</strong></span> <span class='ocrx_word' id='word_1_239' title='bbox 833 4090 984 4150; x_wconf 64' lang='lat' dir='ltr'><strong>petil.</strong></span> <span class='ocrx_word' id='word_1_240' title='bbox 1023 4084 1142 4139; x_wconf 86' lang='lat' dir='ltr'><strong>Lib.</strong></span> <span class='ocrx_word' id='word_1_241' title='bbox 1183 4088 1234 4137; x_wconf 88' lang='lat'><strong>11</strong></span> <span class='ocrx_word' id='word_1_242' title='bbox 1271 4088 1293 4154; x_wconf 70' lang='grc' dir='ltr'><strong>ς</strong></span> <span class='ocrx_word' id='word_1_243' title='bbox 1337 4087 1451 4137; x_wconf 83' lang='grc'><strong>108.</strong></span> 
     </span>
    </p>
   </div>
  </div>
 </body>
</html>
