2917 4967
1459 396 1595 469 102

651 639 830 704 Haec
861 657 1010 701 cum
1041 636 1132 699 ita
1156 634 1312 715 sint,
1349 646 1526 697 recte
1550 630 1746 721 egisse
1778 630 2075 699 censendi
2109 648 2259 700 sunt
2282 636 2501 704 Dona-

559 758 744 821 tistae
759 802 778 839 ,
805 750 1201 819 adversantes
1223 748 1661 815 commixtioni
1679 770 1893 813 rerum
1916 748 2327 838 politicarum
2354 776 2503 821 cum

561 872 1014 939 Ecclesiasticis
1027 917 1050 955 ‚
1067 873 1291 957 jusque
1317 865 1557 931 civitati
1574 865 1952 957 denegantes
1972 866 2039 932 in
2062 891 2165 935 res
2180 870 2507 938 Ecclesiae

561 992 863 1057 internas.
953 988 1042 1053 At
1089 988 1159 1051 in
1215 984 1483 1051 alterum
1513 998 1777 1049 ruerunt
1806 999 2157 1051 extremum
2171 1034 2191 1069 ,
2222 1003 2506 1055 mutuam

565 1109 913 1177 Ecclesiam
949 1105 1118 1171 inter
1147 1118 1214 1170 et
1241 1101 1562 1169 civitatem
1597 1100 2125 1169 necessitudinem
2154 1103 2351 1197 plane
2378 1107 2505 1172 tol-

563 1228 696 1293 lere
725 1225 1074 1313 cupientes.
1164 1222 1465 1287 Perverse
1508 1221 1680 1287 enim
1702 1221 2172 1304 existimabant,
2208 1246 2353 1289 eam
2388 1226 2509 1291 Ec-

568 1342 824 1409 clesiam
835 1340 1068 1407 Christi
1079 1340 1246 1407 inter
1269 1354 1334 1405 et
1353 1338 1695 1421 civitatem,
1722 1360 1885 1427 quae
1904 1352 2091 1405 antea
2106 1341 2467 1407 obtinuerat
2480 1388 2503 1425 ,

567 1460 882 1527 rationem
903 1474 1274 1549 perpetuam
1295 1478 1429 1523 esse
1449 1471 1519 1523 et
1539 1456 1953 1521 necessariam
1970 1504 1990 1540 ,
2012 1454 2241 1523 fmstra
2260 1480 2513 1524 enume-

565 1592 777 1643 rantes
835 1576 1164 1667 Principes
1177 1624 1196 1657 ‚
1257 1576 1367 1665 qui
1419 1573 1665 1639 nomini
1698 1574 2057 1639 Christiano
2094 1574 2338 1641 inimici
2382 1574 2515 1641 fue·

563 1710 730 1761 rant.
745 1692 974 1759 —Hic
995 1693 1289 1783 profecto
1306 1692 1567 1757 humani
1590 1688 1741 1781 quid
1766 1692 1932 1781 passi
1950 1706 2098 1757 sunt
2109 1692 2505 1761 Donatistae.

564 1811 718 1877 Non
747 1812 918 1877 enim
947 1812 1018 1875 in
1044 1812 1182 1901 ipsa
1203 1809 1525 1899 religionis
1548 1809 1937 1874 Christianae
1961 1808 2181 1875 indole
2208 1809 2367 1875 latet
2392 1832 2511 1901 op-

564 1928 802 2017 positio
829 1942 1053 1993 contra
1075 1927 1342 1993 civitatis
1366 1926 1726 2016 imperium.
1791 1925 1968 1991 Nihil
2016 1928 2209 1993 etiam
2234 1928 2511 2017 probant

566 2044 887 2135 exempla3
935 2066 1084 2109 nam
1133 2042 1364 2108 similia
1393 2056 1474 2108 e'x
1503 2044 1795 2109 omnibus
1821 2044 2155 2109 hominum
2182 2044 2513 2109 ordinibus

565 2164 700 2253 peti
731 2177 1015 2253 possunt.
1109 2159 1326 2243 Quare
1349 2158 1737 2251 Augustinus
1764 2182 1878 2225 sua
1906 2161 2051 2227 vice
2074 2176 2248 2227 recte
2273 2161 2351 2226 iis
2380 2180 2513 2227 res-

563 2278 830 2371 ponditt
877 2278 1194 2369 principes
1221 2300 1336 2343 sua
1363 2277 1484 2342 sibi
1516 2277 1699 2366 priva
1726 2278 1963 2345 habere
1998 2277 2210 2345 officia
2226 2326 2246 2363 ‚
2280 2279 2511 2367 quibus

563 2397 887 2489 fungendo
917 2396 1200 2462 Domino
1243 2417 1354 2461 eos
1379 2396 1617 2462 servire
1659 2410 1937 2490 oportet.
1995 2398 2156 2463 Cum
2185 2412 2511 2488 postremo

567 2530 929 2605 provocant
954 2514 1324 2581 Donatistae
1356 2511 1440 2578 ad
1479 2536 1509 2581 ι
1543 2513 1697 2583 Cor.
1726 2514 1811 2580 Π.
1843 2514 1887 2579 6
1912 2529 1978 2581 et
2010 2516 2051 2581 8
2070 2564 2089 2597 ‚
2125 2515 2239 2581 ubi
2274 2536 2513 2581 memo-

569 2646 794 2697 rantur
822 2638 1112 2721 ἁρχόηες
1160 2638 1272 2699 vav
1301 2634 1528 2709 ἂιῶνος
1568 2638 1789 2701 τούτου
1802 2681 1822 2717 ,
1868 2632 2129 2726 planum
2165 2630 2272 2717 fit,
2322 2654 2513 2721 quam

568 2750 884 2838 proclives
913 2750 1008 2815 illi
1025 2797 1044 2834 ,
1093 2772 1295 2839 aeque
1321 2772 1397 2815 ac
1426 2750 1813 2843 Augustinus
1829 2798 1849 2834 ,
1896 2750 2163 2835 fuerint,
2214 2749 2299 2816 ad
2326 2771 2513 2817 voca-

566 2868 874 2935 bulorum
921 2868 1104 2933 sonui
1155 2868 1647 2953 inhaerendum3
1701 2893 1851 2935 nam
1878 2870 1970 2935 ibi
1995 2870 2341 2962 Apostolus
2379 2892 2514 2935 non

567 2986 835 3076 intelligi
861 2985 998 3052 vult
1026 2988 1390 3077 Principe&
1438 2990 1723 3055 Summos
1752 2990 2173 3078 Imperantes,
2220 2986 2334 3055 sed
2362 3010 2472 3052 eos
2486 3035 2505 3068 ,

576 3102 683 3190 qui
725 3103 1070 3191 sapientiae
1107 3103 1279 3193 apud
1303 3106 1594 3173 homines
1617 3128 1949 3196 perversos
1978 3128 2209 3195 magna
2235 3101 2513 3193 gaudent

571 3217 742 3283 fama
767 3217 883 3307 (1).

633 3524 714 3593 (1)
746 3524 957 3576 nultum
1003 3524 1090 3575 hic
1140 3526 1294 3577 etiam
1329 3542 1422 3576 nos
1454 3525 1641 3583 debere
1672 3528 1863 3595 ingenii
1894 3529 2115 3581 acumini
2148 3525 2255 3583 Vin·
2290 3527 2523 3581 celeber·

759 3608 874 3658 rimi
902 3623 1125 3659 arnna
1157 3624 1309 3675 opere
1337 3609 1441 3675 iam
1478 3610 1572 3664 cit.
1606 3610 2146 3681 Denkm'lrdt‘ohiten
2178 3614 2235 3667 Τ.
2270 3614 2324 3665 11
2341 3629 2395 3681 p.
2417 3610 2524 3667 270

757 3706 900 3757 seqq.
918 3726 935 3755 ,
973 3693 1118 3757 grato
1147 3692 1312 3775 niuno
1341 3692 1651 3759 promemus.

1369 4026 1673 4057 -..o-..m
