2917 4967
1466 372 1561 445 50

549 617 870 684 cntionem
915 612 1086 678 enim
1135 608 1270 699 pati
1319 607 1551 672 Christi
1588 628 1823 672 nomen
1855 604 2297 695 profitentibus
2328 630 2483 699 pro-

549 736 758 827 prium
812 730 1044 797 dieitur
1089 729 1159 793 in
1207 726 1432 793 litteris
1488 723 1733 789 Sacris:
1784 723 2293 812 persecutionem
2328 749 2485 795 vero

555 854 766 919 faeere
795 848 1155 916 adversatur
1181 842 1506 934 religionis
1536 842 1924 907 Christianae
1954 840 2155 908 indoli
2190 842 2308 932 (1).

638 968 970 1036 lactabant
1005 964 1200 1031 etiam
1244 983 1543 1051 magnum
1578 961 1746 1026 inter
1787 982 1856 1027 se
1893 976 2242 1051 martyrum
2270 987 2491 1033 nume-

551 1110 696 1154 rum
723 1084 844 1175 (2).
1816 1094 1821 1099 “

641 1202 1033 1269 Paucitatem
1077 1199 1272 1265 etiam
1307 1196 1631 1263 sociorum
1660 1217 1808 1261 suae
1838 1196 2303 1264 communionis
2321 1244 2341 1279 ,
2375 1218 2493 1263 nu·

557 1344 735 1387 mero
761 1334 1120 1385 ceterorum
1137 1315 1640 1382 Christianorum
1660 1328 2031 1403 comparato
2044 1361 2069 1397 ‚
2106 1337 2145 1379 e
2169 1313 2495 1381 literarum

559 1460 880 1503 sacrarum
898 1450 1111 1501 mente
1131 1454 1320 1501 verae
1343 1431 1647 1499 eeclesiae
1669 1446 1893 1497 notam
1918 1429 2310 1499 diaeritieam
2336 1434 2495 1501 exis·

559 1552 909 1622 timandam
938 1576 1071 1619 esse
1114 1550 1552 1617 asseverabant
1584 1547 1707 1639 (3).
1783 1549 1929 1613 Alia
1957 1548 2150 1614 etiam
2176 1550 2501 1617 habehant

563 1688 951 1765 argumenta.
1039 1670 1134 1737 Ea
1184 1691 1339 1735 vero
1391 1689 1541 1733 raro
1599 1682 1976 1749 occurrunt,
2006 1681 2074 1733 et
2116 1667 2322 1759 exigui
2352 1684 2498 1737 sunt

561 1792 772 1884 pretii.
863 1790 954 1854 Ut
981 1810 1182 1853 unum
1209 1785 1505 1866 afferam,
1537 1806 1616 1853 ex
1640 1785 1825 1850 Cant.
1859 1785 2041 1849 Cant.
2080 1807 2139 1849 e.
2180 1784 2248 1850 1:
2284 1808 2358 1875 7,
2387 1787 2501 1853 ubi

562 1930 815 1999 sponsa,
843 1906 891 1972 i.
908 1904 1292 1987 &Ecclesia2
1325 1901 1410 1969 ad
1435 1923 1735 1992 sponsum
1765 1899 1958 1968 dicit:
1992 1909 2316 1969 annuncia
2344 1904 2503 1969 mila·

565 2048 746 2116 quem
771 2022 1007 2089 dilexit
1018 2030 1235 2087 anima
1261 2002 1436 2101 mea,
1469 2018 1578 2085 ubi
1588 2027 1809 2108 pascis
1820 2066 1843 2103 ,
1874 2019 1983 2085 ubi
2006 2018 2200 2085 cubas
2222 2027 2291 2087 in
2314 2026 2502 2087 meri-

567 2142 706 2223 die‚·
761 2141 1035 2230 probare
1093 2138 1397 2205 volebant
1412 2185 1435 2221 ‚
1498 2136 1849 2205 Ecclesiam
1904 2138 2138 2205 Christi
2184 2140 2256 2207 in
2297 2139 2515 2207 Africa

567 2254 986 2351 quaerendam
1019 2276 1154 2324 esse
1183 2253 1306 2344 (4).

1461 2486 1607 2571 53·

759 2727 1102 2815 Augustini
1133 2720 1456 2813 refittandi
1484 2722 2089 2815 argumentandique
2116 2734 2307 2795 tutio.

659 2958 996 3049 Duplieem
1025 2957 1406 3047 Augustinus
1433 2957 1580 3024 iniit
1616 2958 1787 3025 viam
1800 3005 1824 3041 ,
1856 2973 1930 3025 ut
1962 2958 2262 3027 refutaret
2287 2959 2506 3029 Dona·
2610 2946 2618 2955 ⁸

577 3075 750 3139 tistas
766 3120 786 3156 ,
848 3074 1210 3139 historicam
1261 3074 1527 3141 alteram
1543 3122 1563 3157 ,
1622 3074 1885 3143 alteram
1932 3074 2372 3165 dogmaticam.
2418 3114 2512 3133 --

574 3192 921 3279 Utramque
955 3191 1118 3255 hene
1165 3212 1204 3255 a
1235 3212 1303 3257 ee
1348 3191 1620 3260 invicem
1674 3191 1984 3260 distinxit:
2034 3193 2170 3277 vel,
2207 3218 2508 3263 concessa

573 3306 1045 3373 Donatistarum
1089 3306 1423 3395 hypothesi
1436 3356 1456 3391 ,
1491 3309 1759 3399 negabat
1804 3312 1939 3396 ejus
1971 3310 2503 3401 applicationem3

577 3424 681 3491 vel
725 3423 1038 3490 refutabat
1079 3423 1282 3513 ipsam
1314 3424 1712 3515 hypothesin.
1807 3426 1923 3493 Illa
1970 3432 2427 3519 argumentatio
2471 3455 2511 3497 a

629 3720 710 3783 (1)
745 3718 961 3781 Augu-t.
1011 3713 1074 3765 aa
1107 3715 1290 3763 nouat.
1329 3728 1382 3777 p.
1420 3712 1587 3761 con-t
1620 3712 1644 3777 ς
1682 3712 1786 3775 20,
1841 3731 1889 3764 ο.
1924 3716 2029 3767 nu.
2064 3718 2218 3772 retu.
2256 3688 2363 3772 tib.
2400 3718 2453 3769 11
2487 3719 2511 3786 ς

749 3802 784 3850 3
819 3815 872 3866 p.
909 3799 998 3850 35.

621 3886 704 3950 (2)
741 3887 953 3949 August.
992 3898 1042 3934 e.
1080 3898 1166 3947 ep.
1199 3882 1431 3934 Parmen.
1468 3877 1580 3929 Lib.
1616 3878 1695 3928 111
1731 3880 1755 3948 ς
1792 3880 1859 3931 29
1891 3880 1958 3932 al.

619 3970 700 4031 (3)
734 3970 950 4031 August.
988 3965 1052 4015 de
1087 3965 1218 4014 unit.
1254 3962 1393 4016 Beel.
1431 3961 1455 4028 ς
1493 3962 1582 4011 33.

614 4049 694 4116 (4)
728 4052 944 4114 August.
983 4048 1045 4098 de
1079 4048 1212 4096 unit.
1250 4046 1386 4096 Beel.
1427 4046 1450 4110 ς
1493 4044 1581 4096 40.
