2917 4967
1393 368 1485 439 29

475 633 620 677 care
663 629 794 675 non
826 606 1030 696 potuit
1046 651 1066 685 ‚
1114 605 1172 668 ei
1208 618 1418 667 tamen
1457 601 1692 687 objecit
1728 602 2055 690 strepitum
2096 602 2381 670 advocati

472 728 760 808 forensis,
794 738 926 789 arte
954 721 1264 812 populum
1289 718 1657 809 decipientis
1690 716 1809 808 (ι).

563 846 761 909 Hicce
800 864 954 907 vero
997 838 1336 905 Petilianus
1369 837 1698 927 epistolam
1724 834 1806 902 ad
1831 840 2225 926 presbyteros
2248 861 2393 904 suos

479 976 700 1030 contra
737 960 1083 1027 Ecclesiam
1113 957 1511 1022 Catholicam
1552 956 1816 1044 scripsit.
1910 957 2069 1020 Eam
2107 957 2391 1023 refellen-

474 1079 618 1146 dam
646 1080 764 1145 sihi
793 1079 1013 1143 sumsit
1035 1076 1413 1166 Augustinus
1427 1122 1447 1158 ,
1470 1096 1585 1138 »ne
1602 1120 1621 1156 ,
1646 1074 1918 1161 quisquis
1944 1097 2085 1139 eam
2114 1076 2391 1164 scripsit,

473 1196 709 1286 aliquid
747 1198 870 1262 sibi
901 1194 1068 1285 apud
1097 1194 1420 1284 imperitos
1457 1189 1746 1258 adversus
1784 1192 2173 1257 Catholicam
2199 1194 2393 1284 scrip·-

472 1317 618 1381 sisse
646 1312 1001 1379 videretur”
1042 1310 1164 1401 (2).
1249 1364 1260 1375 .

562 1433 754 1497 Libro
789 1433 821 1495 1
847 1431 1090 1520 primae
1114 1429 1280 1518 parti
1323 1426 1642 1516 Epistolae
1683 1426 2018 1516 respondet
2031 1475 2049 1509 ,
2099 1430 2399 1516 quoniam

476 1550 717 1638 reliqua
741 1572 885 1638 pars
909 1545 1195 1612 nondum
1225 1547 1294 1610 in
1318 1568 1541 1611 manus
1570 1561 1847 1611 venerat.
1939 1520 2193 1611 Refellit
2213 1548 2401 1637 igitur

479 1689 626 1730 cum
647 1664 798 1730 exS.
818 1664 1134 1753 Scriptura
1149 1713 1166 1747 ,
1184 1680 1318 1729 tum
1335 1687 1415 1729 ex
1428 1664 1687 1727 historia
1702 1664 2069 1728 sententiam
2079 1663 2393 1745 petiliani,

477 1780 836 1847 Catholicos
864 1805 995 1845 non
1010 1781 1241 1845 habere
1267 1781 1400 1845 veri
1425 1782 1696 1845 nominis
1713 1781 2115 1868 baptismum,
2138 1796 2401 1869 propter

477 1898 675 1965 malos
701 1922 921 1963 eorum
951 1896 1288 1963 doctorum
1311 1922 1543 1963 mores.
1606 1898 1947 1985 Postquam
1970 1913 2177 1965 autem
2198 1915 2399 1965 totam

472 2014 710 2106 legerat
763 2015 1124 2102 epistolam,
1182 2016 1533 2079 accuratius
1580 2038 1718 2079 eam
1770 2016 2055 2081 refellere
2095 2018 2357 2082 instituit
2374 2066 2393 2099 ‚

473 2147 539 2197 et
573 2133 662 2197 ita
706 2130 959 2221 quidem
976 2181 995 2214 ,
1043 2148 1115 2196 ut
1153 2133 1367 2197 omnia
1395 2149 1460 2198 et
1487 2133 1732 2223 singula
1757 2136 1949 2199 verba
1982 2135 2279 2224 epistolae
2306 2135 2397 2199 af-

471 2251 633 2317 ferat
647 2298 666 2334 ,
715 2266 779 2315 et
814 2249 894 2315 ad
932 2274 1006 2315 ea
1039 2249 1447 2338 respondeat3
1496 2249 1665 2315 unde
1707 2250 1947 2317 factum
1988 2268 2081 2316 est
2097 2299 2116 2335 ,
2163 2268 2235 2316 ut
2263 2267 2399 2316 tota

471 2366 602 2432 fere
629 2366 890 2457 epistola
925 2367 1215 2431 Petiliani
1244 2382 1487 2430 servata
1517 2367 1617 2431 sit.

559 2484 843 2547 Tertium
867 2482 1124 2555 Librum
1149 2481 1392 2545 addidit
1407 2527 1426 2563 ,
1465 2497 1538 2545 ut
1562 2480 1861 2546 refutaret
1892 2504 1967 2546 ea
1985 2530 2004 2563 ,
2044 2506 2203 2569 quae
2228 2484 2396 2548 Peti-

475 2598 674 2662 lianus
691 2645 711 2679 ‚
739 2598 908 2662 lecto
930 2599 1136 2685 primo
1162 2599 1344 2682 hujus
1368 2597 1575 2685 operis
1595 2595 1761 2660 libro
1780 2645 1797 2679 ,
1832 2614 2053 2661 contra
2076 2615 2396 2665 auctorem
2494 2596 2501 2607 “

478 2714 928 2780 contumeliose
955 2714 1245 2778 attulerat
1261 2761 1279 2796 ,
1331 2728 1515 2800 atque
1534 2761 1551 2795 ,
1587 2713 1811 2777 omissa
1836 2715 1931 2778 sui
1961 2714 2150 2803 ipsius
2182 2715 2393 2781 defen·
2422 2784 2431 2793 ,

473 2833 650 2898 sione
663 2880 683 2916 ,
721 2830 991 2897 ostendit
1008 2880 1028 2914 ‚
1051 2832 1422 2895 Petilianum
1448 2829 1763 2897 deflexisse
1784 2854 1819 2896 a
1843 2831 2275 2921 disputationis
2296 2858 2393 2900 ar»

473 2934 771 3043 gumento
812 2949 893 3034 ad
930 2972 1179 3015 causam
1205 2973 1380 3014 suam
1407 2947 1861 3015 defendendam
1877 2998 1895 3032 ,
1944 2974 2149 3037 neque
2178 2974 2391 3038 quaes·

471 3069 630 3133 tioni
645 3117 664 3150 ‚
703 3066 782 3132 de
803 3090 925 3155 qua
947 3081 1256 3159 ageretur,
1291 3068 1437 3131 satis
1451 3066 1692 3131 fecisse.
1720 3103 1805 3115 —
1824 3067 1967 3131 Hoc
1986 3090 2177 3156 opere
2201 3091 2391 3134 omne

471 3186 603 3250 fere
658 3185 1116 3251 controversiae
1157 3168 1603 3275 'argumentum
1655 3184 1787 3248 fuse
1838 3200 2140 3249 tractatur
2156 3234 2173 3267 ,
2240 3210 2387 3273 qua-

472 3318 735 3391 propter
767 3301 849 3366 ad
886 3302 1006 3367 rite
1043 3300 1202 3365 illud
1239 3300 1747 3391 cognoscendum
1774 3302 2167 3392 praeclarum
2196 3304 2391 3369 habet

475 3440 677 3483 usum.

562 3534 686 3598 Hic
725 3534 914 3598 etiam
947 3536 1426 3602 commemorari
1449 3550 1658 3623 potest
1682 3557 1837 3623 opus
1862 3535 2190 3625 Augustini
2222 3558 2391 3601 anno

477 3654 602 3729 402
651 3640 986 3740 scriptum,
1036 3654 1211 3739 cujus
1248 3652 1498 3717 titulus:
1548 3676 1632 3717 An
1670 3675 2061 3719 mruoucos
2088 3676 2387 3718 nrm-rom.

537 3955 618 4022 (1)
649 3953 756 4006 tib.
797 3956 842 4008 1.
884 3955 907 4022 ς
949 3958 994 4004 1.

536 4039 613 4105 (2)
648 4037 778 4089 md.
