2917 4967
1233 338 1328 412 79

339 578 494 641 siam
521 621 541 657 ,
565 663 571 670 θ
596 597 818 639 munus
847 588 1056 639 autem
1087 574 1309 639 beatae
1337 574 1504 640 vitae
1524 594 1667 645 non
1699 576 1819 639 nisi
1832 578 1835 581 ’
1850 574 2017 639 intra
2046 573 2259 641 Eccle-

340 694 496 760 siam
523 693 832 781 reperitur
855 690 1007 781 (1).’'
1073 694 1293 781 »Aqua
1320 692 1639 758 Ecclesiae
1663 691 1863 758 fidelis
1894 708 1959 758 et
1982 692 2262 757 salutaris

339 827 405 875 et
457 826 673 875 sancta
703 826 794 875 est
843 811 1007 875 bene
1046 782 1386 878 utentibus.
1444 812 1537 877 Ea
1570 832 1722 874 vero
1765 811 1927 874 bene
1967 810 2058 873 uti
2091 824 2265 873 extra

338 927 684 992 Ecclesiam
713 950 898 992 nemo
925 944 1134 1016 potest
1157 926 1308 1017 (2).''
1377 928 1527 992 Non
1557 922 1727 992 enirn
1750 928 1887 993 solo
1912 928 2222 1015 baptismo
2240 975 2259 1008 ‚

319 1041 496 1108 ,dicit
511 1091 529 1125 ,
576 1059 838 1132 peccata
881 1042 1204 1126 mundari,
1257 1042 1337 1109 ad
1380 1042 1559 1108 illud·
1581 1069 1733 1109 vero
1764 1044 2029 1107 multum
2055 1043 2265 1107 facere

343 1161 686 1239 caritatem.
747 1158 945 1225 ‘Hanc
997 1178 1207 1228 autem
1240 1178 1413 1227 extra
1445 1163 1791 1227 Ecclesiam
1816 1185 2007 1227 nemo
2037 1162 2261 1243 habet,

342 1301 460 1341 nec
493 1278 843 1342 haereticus
862 1327 879 1362 ‚
919 1302 1038 1343 nec
1065 1280 1514 1344 schismaticus.
1614 1278 1715 1342 llli
1748 1302 1888 1343 eam
1916 1278 2265 1366 accipiunt,

342 1416 487 1457 cum
515 1392 596 1458 ad
619 1394 936 1459 Ecclesiae
983 1395 1286 1459 unitatem
1337 1395 1625 1459 veniunt:
1676 1418 1822 1460 nam
1849 1410 1985 1459 tum
2016 1393 2271 1459 demum

345 1511 653 1599 accipitur
677 1511 926 1598 spiritus
949 1526 1197 1576 sanctus
1212 1560 1230 1594 ,
1260 1536 1375 1600 per
1403 1536 1591 1599 quem
1618 1510 1993 1591 diffunditur
2020 1510 2128 1575 illa
2150 1510 2264 1600 (3).

344 1657 370 1683 ι»
386 1628 546 1689 Cum
601 1628 855 1691 veniant
913 1626 995 1693 ad
1051 1651 1168 1695 nos
1223 1630 1412 1693 vestri
1429 1630 1485 1712 ,²⁹
1545 1630 1653 1693 ita·
1689 1628 1843 1693 dicit
1862 1617 1867 1621 ’
1884 1625 1964 1693 ad
2017 1629 2273 1693 Cresco-

340 1743 529 1810 nium.
580 1742 671 1833 (4)
689 1791 707 1827 ,
777 1776 804 1801 n
817 1743 1178 1812 desistentes
1233 1754 1362 1811 es'se
1423 1747 1611 1811 vestri
1630 1795 1647 1829 ,
1722 1745 2091 1833 incipientes
2142 1768 2273 1810 esse

343 1861 544 1924 nostri
562 1908 580 1942 ,
642 1861 990 1949 accipiunt,
1041 1861 1211 1951 quod
1255 1887 1388 1928 non
1436 1864 1752 1929 habebant
1770 1911 1787 1945 ,
1836 1877 1907 1926 ut
1943 1862 2276 1927 salubriter

345 1977 579 2041 habere
613 1977 916 2067 incipiant
930 2028 948 2062 ,
998 1980 1168 2068 quod
1207 1996 1384 2045 tanto
1427 1981 1837 2070 perniciosius
1852 2028 1869 2063 ‚
1917 1994 2151 2067 quanto
2184 1980 2276 2042 in-

345 2078 592 2183 dignius
640 2095 1006 2195 habebam
1069 2097 1407 2187 Accipiunt
1433 2099 1602 2163 enim
1626 2098 1913 2187 primitus
1936 2098 2136 2187 ipsam
2160 2098 2277 2161 Eo-

349 2212 599 2291 clesiam
620 2261 642 2295 ‚
715 2230 778 2279 et
831 2216 900 2281 in
949 2240 1023 2280 ea
1073 2240 1298 2305 pacem
1326 2264 1344 2298 ,
1395 2218 1718 2281 caritatem
1738 2264 1757 2297 ‚
1804 2214 2109 2279 unitatem
2159 2236 2278 2302 per

345 2328 588 2394 fontem
628 2334 758 2416 ejus
800 2333 1128 2420 proprium
1167 2347 1354 2419 atque
1383 2332 1757 2395 invisibilem
1786 2330 2075 2418 spiritum
2104 2351 2278 2393 sanc-

346 2446 504 2510 tium
518 2494 537 2528 ‚
573 2448 710 2511 sine
768 2450 988 2535 quibus
1034 2428 1250 2535 utique
1297 2448 1473 2513 nullo
1509 2446 1832 2511 dubitante
1858 2445 2236 2509 interiissent
2251 2491 2272 2526 ,

349 2561 655 2651 quidquid
685 2563 856 2628 aliud
885 2563 1052 2654 apud
1099 2588 1212 2631 vos
1226 2613 1244 2649 ,
1289 2564 1465 2654 quod
1490 2564 1571 2631 de
1601 2561 1883 2629 Ecclesia
1912 2560 2081 2627 foras
2109 2560 2273 2623 trahi

347 2681 588 2769 potuit,
622 2681 1038 2749 habuissent.”

409 3040 492 3106 (1)
525 3039 655 3091 lhid.
689 3039 798 3092 zib.
829 3040 918 3093 tv.
951 3040 976 3107 ς
1015 3041 1038 3091 l
1077 3058 1128 3091 ο.
1165 3044 1400 3093 Crescon-
1435 3042 1545 3093 Lib.
1576 3043 1627 3092 11
1656 3042 1685 3109 ς
1718 3043 1779 3094 16
1806 3042 1869 3094 nd
1902 3042 2071 3097 finem.

411 3124 490 3189 (2)
523 3127 595 3175 De
627 3125 768 3191 bapt.
805 3125 912 3176 Lib.
951 3126 1039 3177 IV.
1079 3126 1103 3193 ς
1135 3124 1186 3175 2.

409 3206 488 3273 (3)
523 3210 580 3259 C.
612 3209 846 3261 crescon.
884 3209 988 3259 Lib.
1021 3210 1092 3261 11.
1128 3209 1152 3276 ς
1192 3210 1286 3271 15,
1324 3211 1404 3262 16.

413 3291 494 3359 (4)
527 3290 636 3347 Lib.
669 3294 738 3346 11.
776 3294 803 3361 ς
842 3295 924 3347 19.
