2917 4967
1512 390 1575 461 ‘4

593 625 743 691 fecit
757 672 776 705 ,
843 638 914 689 ut
962 624 1134 689 brevi
1211 622 1505 687 omnibus
1566 620 2014 714 condiscipulis
2078 624 2477 693 antecelleret
2490 672 2515 707 ,

590 740 874 830 inprimis
897 736 1289 829 eloquentia;
1323 740 1448 827 qua
1476 762 1549 805 re
1572 761 1705 806 non
1726 762 1952 829 parum
1976 740 2395 829 superbiebat.

667 858 816 923 Non
855 855 1209 925 mirandum
1237 856 1531 946 profecto
1566 856 1638 922 id
1674 858 1871 949 egisse
1896 857 2303 923 Manichaeos
2320 906 2343 941 ,
2370 870 2527 923 tunc

471 972 482 985 ‘
595 976 896 1073 temporis
935 974 1002 1038 in
1039 972 1256 1039 Africa
1280 973 1669 1061 frequentes,
1704 989 1776 1038 ut
1804 974 1995 1039 talem
2024 989 2357 1061 tantaeque
2390 974 2524 1063 spei

588 1094 880 1177 juvenem
920 1086 1002 1153 ad
1037 1112 1175 1154 suas
1211 1106 1420 1178 partes
1465 1092 1808 1155 traherent.
1874 1088 2067 1172 Quod
2093 1091 2169 1155 iis
2196 1092 2365 1157 bene
2388 1113 2527 1155 suc-

593 1207 798 1272 cessit.
846 1206 1224 1296 Augustinus
1248 1208 1418 1272 enim
1435 1254 1454 1289 ,
1494 1206 1819 1272 Ciceronis
1844 1206 2188 1273 Hortensio
2216 1205 2296 1271 ad
2320 1206 2527 1296 philo-

589 1322 852 1411 sophiae
875 1321 1148 1387 studium
1175 1320 1396 1387 ductus
1413 1370 1433 1404 ‚
1460 1321 1609 1387 huic
1632 1336 1841 1387 totum
1864 1345 1931 1387 se
1955 1320 2237 1388 dederat.
2274 1320 2527 1389 Praete-

595 1462 704 1505 rea
728 1439 1030 1504 orationis
1043 1440 1495 1507 Ciceronianae
1511 1440 1891 1529 praestantia
1915 1439 2152 1505 alienus
2170 1439 2374 1505 factus
2396 1454 2533 1505 erat

598 1580 634 1621 a
648 1556 1005 1646 scripturae
1027 1556 1255 1623 Sacrae
1275 1557 1575 1623 lectione.
1613 1558 1775 1621 Cum
1796 1580 1951 1622 vero
1973 1555 2249 1639 vidisset,
2272 1579 2529 1623 omnem

591 1674 1122 1765 Philosophorum
1145 1674 1501 1741 doctrinam
1524 1673 1836 1739 desiderio
1860 1675 2197 1763 sapientiae
2224 1698 2300 1740 ac
2326 1676 2525 1741 seien-

593 1792 718 1857 tiae
736 1840 756 1875 ‚
801 1814 927 1880 quo
973 1791 1309 1883 flagrabat,-
1351 1794 1499 1857 satis
1540 1791 1749 1857 facere
1786 1792 2047 1857 minime
2076 1814 2261 1881 posse
2276 1838 2297 1873 ‚
2327 1814 2531 1881 neque

593 1910 806 1975 animo
837 1933 952 1975 suo
985 1932 1210 1999 pacem
1239 1927 1306 1977 et
1339 1910 1613 1998 quietem
1632 1959 1650 1993 ,
1682 1931 1869 1998 quam
1904 1910 2241 1999 quaerebat
2255 1959 2274 1994 ,
2314 1912 2528 1977 conci-

591 2028 746 2093 liare
760 2076 779 2111 ,
818 2028 1201 2094 Manichaeis
1241 2028 1440 2093 facilis
1481 2027 1560 2093 de
1602 2051 1682 2094 eo
1710 2028 1979 2094 victoria
2001 2028 2154 2113 fuit,
2190 2044 2413 2119 utpote
2444 2027 2528 2095 de

593 2168 864 2239 quorum
886 2146 1144 2233 scientia
1163 2194 1182 2229 ,
1202 2146 1508 2235 mysteriis
1533 2146 1720 2235 plena
1734 2193 1753 2229 ,
1774 2168 2001 2236 magna
2014 2146 2229 2212 omnia
2252 2146 2371 2211 sibi
2393 2146 2529 2235 ipse

593 2262 1024 2351 promittebat.
1087 2263 1163 2327 In
1205 2285 1426 2327 eorum
1471 2256 1662 2353 igitur
1706 2260 2101 2351 disciplinam
2139 2286 2206 2328 se
2230 2262 2522 2347 tradidit,

597 2400 682 2443 20
709 2401 906 2444 annos
937 2394 1117 2444 natus
1133 2426 1152 2462 ,
1182 2377 1477 2468 idemque
1506 2379 1643 2445 aliis
1658 2428 1678 2462 ,
1708 2395 1780 2444 ut
1801 2379 2085 2445 facerent
2100 2428 2119 2463 ,
2156 2381 2479 2469 persuasit.

681 2496 888 2563 Nemo
941 2518 1094 2563 vero
1144 2497 1341 2587 magis
1393 2519 1581 2585 quam
1629 2512 1831 2571 mater
1857 2498 1983 2562 hoc
2015 2495 2292 2563 dolebat.
2340 2496 2394 2561 F
2394 2518 2527 2561 rus-

593 2630 694 2679 tra
750 2629 963 2680 tamen
1013 2604 1333 2703 Episcopo
1347 2662 1366 2697 ,
1423 2614 1556 2702 qui·
1591 2628 1655 2679 et
1711 2614 1847 2703 ipse
1912 2614 2069 2679 olim
2124 2613 2529 2679 Manichacus

593 2732 798 2797 fuerat
816 2780 835 2815 ,
881 2730 1258 2822 persuadere
1297 2747 1526 2796 conata
1576 2748 1670 2797 est
1683 2780 1701 2814 ,
1744 2746 1817 2795 ut
1853 2730 2052 2796 filium
2077 2728 2159 2795 ad
2182 2730 2529 2798 Ecclesiam

597 2848 990 2914 Catholicam
1031 2845 1377 2913 reducendi
1415 2848 1768 2936 periculum
1805 2847 2077 2913 faceret:
2125 2848 2329 2936 ipsum
2360 2846 2532 2913 enim

591 2980 815 3051 sponte
855 2963 1083 3027 erroris
1116 2962 1479 3027 convictum
1512 2963 1594 3025 iri
1628 2960 1881 3026 dicebat
1896 3010 1916 3043 ‚
1956 2963 2009 3025 si
2048 2958 2243 3026 modo
2274 2960 2533 3049 aliquod

594 3078 898 3168 temporis
929 3078 1197 3167 spatium
1225 3077 1717 3165 praeterlapsum
1748 3092 1928 3172 esset.

677 3194 890 3281 Rediit
943 3194 1322 3283 Augustinus
1372 3192 1702 3283 Tagastam
1716 3241 1735 3276 ‚
1796 3194 2009 3282 ibique
2036 3192 2527 3260 Grammaticam

551 3296 555 3300 ¹
596 3312 848 3394 docuit,
907 3327 1183 3377 attamen
1236 3310 1412 3375 brevi
1464 3326 1609 3400 post
1627 3360 1645 3394 ,
1702 3326 1957 3377 mortuo
2006 3311 2212 3382 amico
2252 3310 2529 3401 quodam

593 3429 998 3519 integerrimo
1013 3476 1034 3511 ,
1084 3428 1525 3518 Carthaginem
1570 3428 1756 3513 adiit,
1818 3444 1889 3493 ut
1940 3428 2241 3495 dolorem·
2271 3429 2519 3497 leniret.

590 3547 714 3612 Hic
745 3545 963 3612 docuit
993 3547 1422 3613 Rethoricam.
1963 3636 1967 3645 .

533 3654 538 3659 ⁸
677 3664 803 3728 Per
822 3687 1051 3730 novem
1071 3667 1203 3750 jam
1229 3688 1424 3731 annos
1455 3665 1857 3731 Manichacus
1878 3642 2091 3753 'fuerat
2106 3713 2124 3747 ,
2162 3664 2394 3730 frustra
2424 3688 2525 3730 ex-

591 3798 876 3871 spectans
909 3783 1349 3869 mysteriorum
1373 3783 1547 3848 illam
1572 3783 2016 3851 revelationem
2036 3832 2053 3866 ‚
2079 3782 2159 3849 ad
2179 3806 2365 3871 quam
2390 3806 2523 3859 non

587 3901 704 3964 nisi
719 3923 832 3988 per
851 3897 1076 3989 gradus
1100 3899 1330 3964 multos
1354 3916 1606 3988 poterat
1621 3900 1957 3988 perveniri.
1994 3898 2152 3965 Inde
2170 3923 2314 3965 eum
2332 3872 2523 3985 suspi-

577 4018 689 4089 ‚cio
727 4017 978 4081 incessit
993 4064 1012 4098 ,
1057 4040 1124 4081 se
1160 4040 1197 4081 a
1237 4017 1622 4082 Manichaeis
1660 4016 1900 4107 decipi;
1940 4017 2194 4105 sibique.
2219 4014 2521 4105 persuasit
