2917 4967
1368 354 1454 427 41

523 620 533 631 -⁴
558 593 930 683 Augustinus
941 588 1073 654 fuse
1085 587 1168 653 ad
1176 583 1334 654 hae‘c
1349 582 1697 679 respondit‚'
1731 604 1795 654 at
1806 591 2048 680 saepius
2063 591 2366 683 interrup-

417 785 427 791 Α
469 726 538 775 ta
560 712 688 797 ejus
711 708 1017 774 oratione.
1065 706 1479 770 Testimoniis
1496 705 1857 795 scripturae
1874 706 2101 774 Sacrae
2124 708 2387 774 demon·

469 802 673 892 strare
691 841 946 891 conatus
971 840 1084 889 est:
1106 826 1312 888 bonos
1336 839 1400 889 et
1415 824 1615 889 malos
1628 822 1707 889 'in
1724 826 2001 890 Ecclesia
2019 827 2396 891 commixtos

470 966 636 1027 esse3
671 960 858 1031 atque
886 957 1223 1033 propterea
1249 942 1320 1005 in
1349 964 1422 1006 ea
1444 940 1596 1005 ferri
1624 940 1855 1007 debere
1887 943 2087 1007 malos
2103 990 2122 1026 ,
2158 944 2393 1032 quippe
2452 1028 2457 1030 μ

472 1084 742 1149 quorum
774 1077 1183 1150 peccatorum
1223 1080 1356 1123 non
1391 1060 1514 1124 sint
1556 1060 1889 1149 participes
1913 1060 2090 1125 boni.
2156 1060 2395 1125 .Dona-

451 1179 650 1243 'tistae
682 1172 1034 1275 concedere
1060 1177 1280 1242 coacti'
1293 1192 1434 1241 sunt
1447 1224 1468 1260 ,
1506 1176 1766 1242 alteram
1788 1200 1926 1242 rem
1956 1177 2136 1242 alteri
2164 1200 2398 1243 nocere
2484 1152 2491 1161 .

479 1318 612 1361 non
633 1320 850 1385 posse,
898 1319 1018 1361 nec
1045 1296 1334 1383 cuiquam
1359 1292 1513 1359 alius
1535 1293 1759 1385 agendi
1783 1296 2115 1361 rationem.
2146 1330 2232 1347 -
2255 1296 2401 1381 Hoc

475 1418 783 1502 perpetuo
816 1414 886 1478 in
909 1428 1186 1477 mentem
1214 1412 1290 1477 iis
1322 1412 1641 1477 revocavit
1664 1412 2039 1502 Augustinus
2074 1412 2191 1502 (1).

521 1537 525 1544 '
570 1530 764 1595 Haec·
781 1552 934 1594 vero
975 1552 1074 1594 res
1117 1544 1448 1617 postquam
1498 1530 1643 1595 satis
1680 1529 1813 1595 fuse
1858 1531 2088 1619 agitata
2115 1531 2237 1596 fuit
2254 1579 2274 1615 ‚
2324 1532 2407 1597 ad

486 1646 746 1715 alteram
797 1647 1227 1734 quaestionem
1280 1644 1583 1711 accedere
1609 1637 1784 1734 jussit
1808 1646 2031 1733 judex':
2060 1648 2139 1713 de
2163 1658 2405 1738 origine

483 1764 840 1829 schismatis
863 1766 1369 1845 Donatistarum,
1419 1764 1547 1829 sive
1574 1774 1777 1829 utrum
1801 1765 1989 1829 Felix
2004 1813 2026 1847 ‚
2070 1766 2411 1835 Caeciliani

485 1883 827 1964 ordinator,
855 1883 1122 1947 traditor
1127 1884 1361 1971 suerit,
1389 1885 1622 1947 necne?
1665 1882 1847 1947 Hanc
1865 1899 2079 1948 tamen
2096 1886 2407 1971 quaestio-
2506 1952 2515 1958 ,

487 2024 633 2067 nem
649 2001 770 2067 soli
790 2001 1036 2083 Christo
1052 1998 1254 2087 judici
1273 2000 1629 2095 relinquere
1648 2001 1998 2066 maluerunt
2012 2000 2401 2069 Donatistae.

487 2120 726 2184 Contra
764 2142 916 2185 vero
948 2118 1281 2183 Catholici.
1374 2119 1610 2185 Causae
1642 2119 1811 2185 enim
1842 2104 1989 2184 suae
2020 2142 2252 2197 nocere
2276 2143 2411 2187 non
2496 2102 2500 2116 ’

463 2313 470 2321 .
489 2260 670 2327 posse
693 2238 1000 2327 putabant
1015 2284 1034 2320 ‚
1059 2237 1113 2301 si
1130 2237 1533 2325 probaretur,
1565 2238 1989 2303 Caecilianum
2011 2252 2117 2301 aut
2132 2237 2413 2305 Felicem

490 2355 738 2419 crimini
781 2354 1124 2418 obnoxium
1162 2352 1388 2433 fuisse;
1437 2375 1570 2425 non
1601 2353 1771 2417 enim
1796 2351 1983 2419 fuisse
2011 2376 2263 2418 necesse
2277 2401 2295 2436 ,
2343 2369 2415 2419 ut

493 2472 758 2543 schisma
787 2474 1134 2560 propterea
1153 2455 1504 2534 exoriretur
1538 2466 1657 2559 (2).

584 2588 686 2651 Ab
710 2602 970 2674 utraque
995 2585 1248 2674 quidem
1271 2602 1448 2673 parte
1473 2600 1890 2675 provocatum
1920 2601 2015 2653 est
2039 2584 2120 2651 ad
2145 2587 2419 2653 concilia

500 2720 566 2771 et
596 2703 802 2770 edicta
817 2752 836 2787 ‚
868 2720 934 2768 at
960 2726 1110 2769 vero
1135 2701 1284 2769 inde
1316 2704 1474 2769 nihil
1505 2702 1674 2769 aliud
1708 2721 2115 2770 consecutum
2140 2721 2231 2771 est
2244 2753 2263 2789 ,
2296 2707 2417 2771 nisi

502 2821 673 2911 quod
696 2821 1058 2887 innocentia
1078 2813 1304 2885 Felicis
1336 2835 1400 2886 et
1429 2806 1766 2887 Caeciliani
1807 2823 2147 2911 conspicua
2169 2821 2417 2889 reddita

498 2939 602 3006 sit.
651 2941 930 3027 Utraque
959 2938 1217 3005 tandem
1247 2952 1426 3027 parte
1464 2935 1676 3004 audita
1690 2988 1707 3021 ,
1738 2939 2217 3025 judicium'tulit
2248 2943 2416 3009 Mare

502 3057 796 3123 cellinus:
847 3057 1205 3122 Donatistas
1251 3057 1396 3121 satis
1445 3079 1484 3121 a
1528 3057 1865 3123 Catholicis
1910 3059 2213 3127 refutatos
2260 3083 2413 3127 esse.

491 3175 670 3241 Acta
697 3174 766 3239 in
791 3174 1109 3262 publicam
1139 3172 1338 3239 edidit
1361 3172 1573 3239 lucem
1601 3172 1721 3263 (3).

567 3516 648 3593 (1')
678 3524 906 3593 Append.
955 3540 1010 3591 p.
1057 3522 1126 3575 4⁶
1169 3538 1314 3590 seqq.
1365 3525 1519 3576 Getta
1560 3524 1691 3577 coll.
1711 3525 1959 3591 ‘Cat-thus.
1990 3527 2045 3577 in
2081 3541 2271 3581 »mnan
2306 3527 2435 3585 edic.

693 3625 873 3661 ort-Au
907 3610 967 3659 Ι).
1005 3609 1084 3658 111
1119 3626 1166 3661 ο.
1204 3608 1298 3658 261
1341 3624 1486 3673 seqq.

567 3694 650 3761 (2)
683 3693 894 3757 August.
931 3694 1076 3744 Brev.
1113 3692 1241 3742 eon.
1277 3692 1329 3743 d.
1368 3693 1449 3741 111
1486 3693 1510 3759 ς
1545 3691 1636 3745 21.

569 3777 650 3844 (3)
685 3778 838 3827 Gesta
866 3776 984 3836 iun,
1017 3790 1046 3825 a
1065 3775 1269 3825 Baluzio
1297 3776 1487 3842 optime
1502 3775 1668 3837 edita,
1704 3778 1904 3826 exstant
1938 3775 2089 3827 etiam
2120 3776 2174 3828 in
2200 3776 2434 3830 Monun-

694 3866 858 3910 ησσον.
916 3859 988 3908 ad
1034 3858 1234 3910 motor.
1289 3858 1493 3910 Donat.
1537 3864 1681 3925 port.
1738 3874 1923 3911 orn-n
1958 3860 2122 3927 operis
2159 3859 2369 3913 editioni
2403 3878 2434 3912 a

696 3957 896 3993 nunno
927 3941 1110 3992 additis
1139 3958 1194 4009 p.
1223 3942 1344 3995 225.
1383 3943 1643 3995 Sententia
1681 3941 1965 4007 cognitori·
2004 3944 2154 3995 etiam
2188 3944 2349 4011 cantat
2382 3945 2437 3995 in

700 4024 927 4092 Append.
953 4024 1088 4078 laud.
1125 4042 1179 4091 p.
1215 4022 1299 4075 48.
