<?xml version="1.0" encoding="UTF-8"?>
<!DOCTYPE html PUBLIC "-//W3C//DTD XHTML 1.0 Transitional//EN"
    "http://www.w3.org/TR/xhtml1/DTD/xhtml1-transitional.dtd">
<html xmlns="http://www.w3.org/1999/xhtml" xml:lang="en" lang="en">
 <head>
  <title>
</title>
<meta http-equiv="Content-Type" content="text/html;charset=utf-8" />
  <meta name='ocr-system' content='tesseract 3.04.00' />
  <meta name='ocr-capabilities' content='ocr_page ocr_carea ocr_par ocr_line ocrx_word'/>
</head>
<body>
  <div class='ocr_page' id='page_1' title='image "./deaurelioaugust00rouxgoog_0083.png"; bbox 0 0 2917 4967; ppageno 0'>
   <div class='ocr_carea' id='block_1_1' title="bbox 1417 342 1511 414">
    <p class='ocr_par' dir='ltr' id='par_1_1' title="bbox 1417 342 1511 414">
     <span class='ocr_line' id='line_1_1' title="bbox 1417 342 1511 414; baseline 0 0"><span class='ocrx_word' id='word_1_1' title='bbox 1417 342 1511 414; x_wconf 81' lang='lat'><strong>65</strong></span> 
     </span>
    </p>
   </div>
   <div class='ocr_carea' id='block_1_2' title="bbox 421 560 2421 1370">
    <p class='ocr_par' dir='ltr' id='par_1_2' title="bbox 421 560 2421 1370">
     <span class='ocr_line' id='line_1_2' title="bbox 500 560 2415 667; baseline -0.001 -22"><span class='ocrx_word' id='word_1_2' title='bbox 500 579 621 645; x_wconf 86' lang='lat' dir='ltr'><strong>hae</strong></span> <span class='ocrx_word' id='word_1_3' title='bbox 663 584 814 644; x_wconf 70' lang='lat' dir='ltr'><strong>nou*</strong></span> <span class='ocrx_word' id='word_1_4' title='bbox 842 560 1138 667; x_wconf 71' lang='lat' dir='ltr'><strong>explicari</strong></span> <span class='ocrx_word' id='word_1_5' title='bbox 1179 598 1362 666; x_wconf 88' lang='lat' dir='ltr'><strong>posse</strong></span> <span class='ocrx_word' id='word_1_6' title='bbox 1411 575 1495 642; x_wconf 89' lang='lat' dir='ltr'><strong>de</strong></span> <span class='ocrx_word' id='word_1_7' title='bbox 1526 576 1766 665; x_wconf 91' lang='lat' dir='ltr'><strong>populo</strong></span> <span class='ocrx_word' id='word_1_8' title='bbox 1796 583 1884 639; x_wconf 82' lang='lat' dir='ltr'><strong>&#39;ex</strong></span> <span class='ocrx_word' id='word_1_9' title='bbox 1908 598 2095 641; x_wconf 88' lang='lat' dir='ltr'><strong>carne</strong></span> <span class='ocrx_word' id='word_1_10' title='bbox 2125 578 2415 643; x_wconf 82' lang='lat' dir='ltr'>Abrahae</span> 
     </span>
     <span class='ocr_line' id='line_1_3' title="bbox 502 691 2418 783; baseline -0.001 -22"><span class='ocrx_word' id='word_1_11' title='bbox 502 713 690 778; x_wconf 88' lang='lat' dir='ltr'><strong>nato;</strong></span> <span class='ocrx_word' id='word_1_12' title='bbox 737 718 883 761; x_wconf 85' lang='lat' dir='ltr'><strong>nam</strong></span> <span class='ocrx_word' id='word_1_13' title='bbox 928 696 1075 760; x_wconf 91' lang='lat' dir='ltr'><strong>huic</strong></span> <span class='ocrx_word' id='word_1_14' title='bbox 1115 694 1619 783; x_wconf 84' lang='lat' dir='ltr'><strong>interpretationi</strong></span> <span class='ocrx_word' id='word_1_15' title='bbox 1653 694 1832 758; x_wconf 91' lang='lat' dir='ltr'><strong>Pauli</strong></span> <span class='ocrx_word' id='word_1_16' title='bbox 1864 691 2176 759; x_wconf 81' lang='lat' dir='ltr'><strong>adversari</strong></span> <span class='ocrx_word' id='word_1_17' title='bbox 2208 712 2418 761; x_wconf 84' lang='lat' dir='ltr'><strong>aucto-</strong></span> 
     </span>
     <span class='ocr_line' id='line_1_4' title="bbox 505 810 2419 902; baseline 0.001 -25"><span class='ocrx_word' id='word_1_18' title='bbox 505 815 755 878; x_wconf 88' lang='lat' dir='ltr'><strong>ritatem</strong></span> <span class='ocrx_word' id='word_1_19' title='bbox 775 812 938 901; x_wconf 88' lang='lat' dir='ltr'>(Gal.</span> <span class='ocrx_word' id='word_1_20' title='bbox 963 813 1075 877; x_wconf 93' lang='lat' dir='ltr'><strong>III.</strong></span> <span class='ocrx_word' id='word_1_21' title='bbox 1119 812 1247 901; x_wconf 90' lang='lat'>16),</span> <span class='ocrx_word' id='word_1_22' title='bbox 1280 836 1414 877; x_wconf 89' lang='lat' dir='ltr'><strong>non</strong></span> <span class='ocrx_word' id='word_1_23' title='bbox 1443 812 1561 875; x_wconf 90' lang='lat' dir='ltr'><strong>nisi</strong></span> <span class='ocrx_word' id='word_1_24' title='bbox 1587 810 1667 875; x_wconf 91' lang='lat' dir='ltr'><strong>de</strong></span> <span class='ocrx_word' id='word_1_25' title='bbox 1689 812 1934 876; x_wconf 90' lang='lat' dir='ltr'><strong>Christo</strong></span> <span class='ocrx_word' id='word_1_26' title='bbox 1959 812 2162 902; x_wconf 84' lang='lat' dir='ltr'><strong>accipi</strong></span> <span class='ocrx_word' id='word_1_27' title='bbox 2188 811 2419 878; x_wconf 88' lang='lat' dir='ltr'><strong>debere</strong></span> 
     </span>
     <span class='ocr_line' id='line_1_5' title="bbox 507 928 2412 1020; baseline -0.001 -24"><span class='ocrx_word' id='word_1_28' title='bbox 507 931 807 996; x_wconf 73' lang='lat' dir='ltr'><strong>docentiS.</strong></span> <span class='ocrx_word' id='word_1_29' title='bbox 901 932 976 995; x_wconf 89' lang='lat' dir='ltr'><strong>In</strong></span> <span class='ocrx_word' id='word_1_30' title='bbox 1015 931 1264 995; x_wconf 89' lang='lat' dir='ltr'><strong>Christo</strong></span> <span class='ocrx_word' id='word_1_31' title='bbox 1315 930 1505 1020; x_wconf 86' lang='lat' dir='ltr'><strong>igitur</strong></span> <span class='ocrx_word' id='word_1_32' title='bbox 1560 928 1962 993; x_wconf 90' lang='lat' dir='ltr'><strong>benedictum</strong></span> <span class='ocrx_word' id='word_1_33' title='bbox 1995 930 2073 993; x_wconf 90' lang='lat' dir='ltr'><strong>iri</strong></span> <span class='ocrx_word' id='word_1_34' title='bbox 2106 931 2412 1019; x_wconf 86' lang='lat' dir='ltr'><strong>gentibus.</strong></span> 
     </span>
     <span class='ocr_line' id='line_1_6' title="bbox 421 1047 2415 1137; baseline 0 -28"><span class='ocrx_word' id='word_1_35' title='bbox 421 1096 440 1109; x_wconf 80' lang='grc'><strong><em>,</em></strong></span> <span class='ocrx_word' id='word_1_36' title='bbox 502 1049 646 1113; x_wconf 86' lang='lat' dir='ltr'><strong>Alia</strong></span> <span class='ocrx_word' id='word_1_37' title='bbox 675 1072 861 1136; x_wconf 86' lang='lat' dir='ltr'><strong>quam</strong></span> <span class='ocrx_word' id='word_1_38' title='bbox 886 1048 1156 1137; x_wconf 86' lang='lat' dir='ltr'><strong>plurima</strong></span> <span class='ocrx_word' id='word_1_39' title='bbox 1182 1048 1327 1112; x_wconf 88' lang='lat' dir='ltr'><strong>loca</strong></span> <span class='ocrx_word' id='word_1_40' title='bbox 1353 1071 1430 1111; x_wconf 82' lang='lat' dir='ltr'><strong>ex</strong></span> <span class='ocrx_word' id='word_1_41' title='bbox 1451 1047 1712 1111; x_wconf 81' lang='lat' dir='ltr'><strong>Psalmis</strong></span> <span class='ocrx_word' id='word_1_42' title='bbox 1737 1061 1801 1111; x_wconf 89' lang='lat' dir='ltr'><strong>et</strong></span> <span class='ocrx_word' id='word_1_43' title='bbox 1820 1047 2153 1135; x_wconf 86' lang='lat' dir='ltr'><strong>Prophetis</strong></span> <span class='ocrx_word' id='word_1_44' title='bbox 2178 1047 2415 1127; x_wconf 87' lang='lat' dir='ltr'><strong>attulit,</strong></span> 
     </span>
     <span class='ocr_line' id='line_1_7' title="bbox 502 1163 2421 1255; baseline -0.001 -26"><span class='ocrx_word' id='word_1_45' title='bbox 502 1180 573 1229; x_wconf 89' lang='lat' dir='ltr'><strong>ut</strong></span> <span class='ocrx_word' id='word_1_46' title='bbox 598 1167 932 1255; x_wconf 87' lang='lat' dir='ltr'><strong>probaret,</strong></span> <span class='ocrx_word' id='word_1_47' title='bbox 958 1164 1305 1229; x_wconf 83' lang='lat' dir='ltr'><strong>Ecclesiam</strong></span> <span class='ocrx_word' id='word_1_48' title='bbox 1332 1165 1592 1245; x_wconf 84' lang='lat' dir='ltr'><strong>Christi,</strong></span> <span class='ocrx_word' id='word_1_49' title='bbox 1624 1179 1763 1228; x_wconf 90' lang='lat' dir='ltr'><strong>toto</strong></span> <span class='ocrx_word' id='word_1_50' title='bbox 1788 1180 2094 1229; x_wconf 88' lang='lat' dir='ltr'><strong>terrarum</strong></span> <span class='ocrx_word' id='word_1_51' title='bbox 2120 1165 2277 1229; x_wconf 89' lang='lat' dir='ltr'><strong>orbe</strong></span> <span class='ocrx_word' id='word_1_52' title='bbox 2308 1163 2421 1227; x_wconf 88' lang='lat' dir='ltr'><strong>dif-</strong></span> 
     </span>
     <span class='ocr_line' id='line_1_8' title="bbox 498 1256 2413 1370; baseline 0 -23"><span class='ocrx_word' id='word_1_53' title='bbox 498 1283 886 1349; x_wconf 83' lang='lat' dir='ltr'><strong>fundendam</strong></span> <span class='ocrx_word' id='word_1_54' title='bbox 904 1330 923 1365; x_wconf 95' lang='lat'><strong>,</strong></span> <span class='ocrx_word' id='word_1_55' title='bbox 965 1282 1176 1347; x_wconf 84' lang='lat' dir='ltr'><strong>divina</strong></span> <span class='ocrx_word' id='word_1_56' title='bbox 1199 1298 1264 1347; x_wconf 87' lang='lat' dir='ltr'><strong>et</strong></span> <span class='ocrx_word' id='word_1_57' title='bbox 1301 1281 1581 1347; x_wconf 84' lang='lat' dir='ltr'><strong>veridica</strong></span> <span class='ocrx_word' id='word_1_58' title='bbox 1606 1304 1765 1347; x_wconf 84' lang='lat' dir='ltr'><strong>voce</strong></span> <span class='ocrx_word' id='word_1_59' title='bbox 1802 1282 2173 1370; x_wconf 84' lang='lat' dir='ltr'><strong>promissam</strong></span> <span class='ocrx_word' id='word_1_60' title='bbox 2205 1256 2413 1348; x_wconf 83' lang='lat' dir='ltr'><strong>f&#39;uisse.</strong></span> 
     </span>
    </p>
   </div>
   <div class='ocr_carea' id='block_1_3' title="bbox 503 1398 2443 1606">
    <p class='ocr_par' dir='ltr' id='par_1_3' title="bbox 503 1398 2443 1606">
     <span class='ocr_line' id='line_1_9' title="bbox 503 1398 2443 1487; baseline -0.002 -22"><span class='ocrx_word' id='word_1_61' title='bbox 503 1399 633 1487; x_wconf 90' lang='lat' dir='ltr'><strong>(Ps.</strong></span> <span class='ocrx_word' id='word_1_62' title='bbox 687 1402 768 1465; x_wconf 88' lang='lat' dir='ltr'><strong>H.</strong></span> <span class='ocrx_word' id='word_1_63' title='bbox 837 1401 902 1466; x_wconf 90' lang='lat'><strong>8.</strong></span> <span class='ocrx_word' id='word_1_64' title='bbox 965 1400 1215 1466; x_wconf 88' lang='lat' dir='ltr'>LXXII.</span> <span class='ocrx_word' id='word_1_65' title='bbox 1271 1401 1334 1466; x_wconf 90' lang='lat'><strong>8.</strong></span> <span class='ocrx_word' id='word_1_66' title='bbox 1393 1401 1465 1465; x_wconf 89' lang='lat' dir='ltr'><strong>L.</strong></span> <span class='ocrx_word' id='word_1_67' title='bbox 1510 1424 1565 1464; x_wconf 88' lang='lat'><strong>1.</strong></span> <span class='ocrx_word' id='word_1_68' title='bbox 1614 1399 1737 1464; x_wconf 88' lang='lat' dir='ltr'><strong>Jes.</strong></span> <span class='ocrx_word' id='word_1_69' title='bbox 1781 1401 1895 1464; x_wconf 89' lang='lat' dir='ltr'><strong>XI.</strong></span> <span class='ocrx_word' id='word_1_70' title='bbox 1936 1422 2001 1485; x_wconf 91' lang='lat'><strong>9.</strong></span> <span class='ocrx_word' id='word_1_71' title='bbox 2051 1399 2213 1465; x_wconf 88' lang='lat' dir='ltr'><strong>LIV.</strong></span> <span class='ocrx_word' id='word_1_72' title='bbox 2272 1398 2443 1465; x_wconf 85' lang='lat'><strong>1-5..</strong></span> 
     </span>
     <span class='ocr_line' id='line_1_10' title="bbox 504 1516 2416 1606; baseline 0.001 -25"><span class='ocrx_word' id='word_1_73' title='bbox 504 1516 640 1582; x_wconf 89' lang='lat' dir='ltr'><strong>LII.</strong></span> <span class='ocrx_word' id='word_1_74' title='bbox 675 1541 778 1582; x_wconf 76' lang='lat' dir='ltr'><strong>xo.</strong></span> <span class='ocrx_word' id='word_1_75' title='bbox 807 1518 1033 1591; x_wconf 76' lang='lat' dir='ltr'><strong>XLJX.</strong></span> <span class='ocrx_word' id='word_1_76' title='bbox 1079 1541 1176 1605; x_wconf 86' lang='lat'><strong>17.</strong></span> <span class='ocrx_word' id='word_1_77' title='bbox 1209 1518 1436 1582; x_wconf 87' lang='lat' dir='ltr'><strong>Jerem.</strong></span> <span class='ocrx_word' id='word_1_78' title='bbox 1468 1516 1640 1581; x_wconf 88' lang='lat' dir='ltr'><strong>XVI.</strong></span> <span class='ocrx_word' id='word_1_79' title='bbox 1686 1539 1785 1602; x_wconf 89' lang='lat'><strong>19.</strong></span> <span class='ocrx_word' id='word_1_80' title='bbox 1820 1516 1973 1581; x_wconf 78' lang='lat' dir='ltr'><strong>Mal.</strong></span> <span class='ocrx_word' id='word_1_81' title='bbox 2002 1516 2055 1582; x_wconf 93' lang='lat' dir='ltr'><strong>I.</strong></span> <span class='ocrx_word' id='word_1_82' title='bbox 2100 1540 2199 1581; x_wconf 89' lang='lat'><strong>11.</strong></span> <span class='ocrx_word' id='word_1_83' title='bbox 2236 1517 2416 1606; x_wconf 90' lang='lat' dir='ltr'><strong>cet.).</strong></span> 
     </span>
    </p>
   </div>
   <div class='ocr_carea' id='block_1_4' title="bbox 461 1634 2445 3595">
    <p class='ocr_par' dir='ltr' id='par_1_4' title="bbox 461 1634 2445 3595">
     <span class='ocr_line' id='line_1_11' title="bbox 500 1634 2421 1724; baseline 0.001 -27"><span class='ocrx_word' id='word_1_84' title='bbox 500 1634 678 1699; x_wconf 87' lang='lat' dir='ltr'><strong>Haec</strong></span> <span class='ocrx_word' id='word_1_85' title='bbox 715 1656 830 1722; x_wconf 90' lang='lat' dir='ltr'><strong>per</strong></span> <span class='ocrx_word' id='word_1_86' title='bbox 869 1656 982 1698; x_wconf 89' lang='lat' dir='ltr'><strong>ora</strong></span> <span class='ocrx_word' id='word_1_87' title='bbox 1022 1634 1481 1722; x_wconf 80' lang='lat' dir='ltr'><strong>Prophetarum</strong></span> <span class='ocrx_word' id='word_1_88' title='bbox 1514 1634 1797 1699; x_wconf 88' lang='lat' dir='ltr'><strong>locutum</strong></span> <span class='ocrx_word' id='word_1_89' title='bbox 1830 1656 1959 1698; x_wconf 91' lang='lat' dir='ltr'><strong>esse</strong></span> <span class='ocrx_word' id='word_1_90' title='bbox 1985 1635 2226 1717; x_wconf 83' lang='lat' dir='ltr'><strong>Iesum,</strong></span> <span class='ocrx_word' id='word_1_91' title='bbox 2274 1651 2421 1724; x_wconf 87' lang='lat' dir='ltr'><strong>post</strong></span> 
     </span>
     <span class='ocr_line' id='line_1_12' title="bbox 461 1751 2417 1840; baseline 0.001 -25"><span class='ocrx_word' id='word_1_92' title='bbox 461 1754 468 1763; x_wconf 90' lang='lat'>&#39;</span> <span class='ocrx_word' id='word_1_93' title='bbox 499 1752 1021 1817; x_wconf 86' lang='lat' dir='ltr'><strong>resurrectionem</strong></span> <span class='ocrx_word' id='word_1_94' title='bbox 1077 1774 1228 1816; x_wconf 81' lang='lat' dir='ltr'><strong>vero</strong></span> <span class='ocrx_word' id='word_1_95' title='bbox 1281 1774 1397 1840; x_wconf 82' lang='lat' dir='ltr'><strong>per</strong></span> <span class='ocrx_word' id='word_1_96' title='bbox 1439 1772 1513 1814; x_wconf 87' lang='lat' dir='ltr'><strong>os</strong></span> <span class='ocrx_word' id='word_1_97' title='bbox 1559 1751 1885 1839; x_wconf 88' lang='lat' dir='ltr'><strong>proprium</strong></span> <span class='ocrx_word' id='word_1_98' title='bbox 1930 1752 2019 1815; x_wconf 92' lang='lat' dir='ltr'><strong>sic</strong></span> <span class='ocrx_word' id='word_1_99' title='bbox 2062 1752 2417 1840; x_wconf 86' lang='lat' dir='ltr'><strong>promisisse</strong></span> 
     </span>
     <span class='ocr_line' id='line_1_13' title="bbox 497 1867 2416 1956; baseline 0 -23"><span class='ocrx_word' id='word_1_100' title='bbox 497 1867 842 1933; x_wconf 86' lang='lat' dir='ltr'><strong>Ecclesiam</strong></span> <span class='ocrx_word' id='word_1_101' title='bbox 859 1916 878 1950; x_wconf 91' lang='lat'><strong>,</strong></span> <span class='ocrx_word' id='word_1_102' title='bbox 928 1867 1276 1933; x_wconf 87' lang='lat' dir='ltr'><strong>dicentem:</strong></span> <span class='ocrx_word' id='word_1_103' title='bbox 1312 1877 1381 1932; x_wconf 91' lang='lat' dir='ltr'><strong>in</strong></span> <span class='ocrx_word' id='word_1_104' title='bbox 1412 1877 1661 1932; x_wconf 87' lang='lat' dir='ltr'><strong>nomine</strong></span> <span class='ocrx_word' id='word_1_105' title='bbox 1690 1892 1805 1933; x_wconf 85' lang='lat' dir='ltr'><strong>suo</strong></span> <span class='ocrx_word' id='word_1_106' title='bbox 1815 1869 2183 1955; x_wconf 83' lang='lat' dir='ltr'><strong>praedicari</strong></span> <span class='ocrx_word' id='word_1_107' title='bbox 2192 1876 2416 1956; x_wconf 85' lang='lat' dir='ltr'><strong>poeni·</strong></span> 
     </span>
     <span class='ocr_line' id='line_1_14' title="bbox 499 1993 2411 2075; baseline 0 -26"><span class='ocrx_word' id='word_1_108' title='bbox 499 1994 756 2049; x_wconf 89' lang='lat' dir='ltr'><strong>tentiam</strong></span> <span class='ocrx_word' id='word_1_109' title='bbox 794 1999 860 2049; x_wconf 88' lang='lat' dir='ltr'><strong>et</strong></span> <span class='ocrx_word' id='word_1_110' title='bbox 894 1993 1316 2049; x_wconf 74' lang='lat' dir='ltr'><strong>remissionem</strong></span> <span class='ocrx_word' id='word_1_111' title='bbox 1345 2000 1747 2073; x_wconf 84' lang='lat' dir='ltr'><strong>peccatorum</strong></span> <span class='ocrx_word' id='word_1_112' title='bbox 1763 2009 1891 2073; x_wconf 84' lang='lat' dir='ltr'><strong>per</strong></span> <span class='ocrx_word' id='word_1_113' title='bbox 1928 2010 2140 2051; x_wconf 86' lang='lat' dir='ltr'><strong>omnes</strong></span> <span class='ocrx_word' id='word_1_114' title='bbox 2162 2000 2411 2075; x_wconf 78' lang='lat' dir='ltr'><strong>gentes,</strong></span> 
     </span>
     <span class='ocr_line' id='line_1_15' title="bbox 495 2096 2419 2191; baseline 0.001 -26"><span class='ocrx_word' id='word_1_115' title='bbox 495 2102 932 2189; x_wconf 78' lang='lat' dir='ltr'><strong>incipientibus</strong></span> <span class='ocrx_word' id='word_1_116' title='bbox 964 2102 1046 2165; x_wconf 86' lang='lat' dir='ltr'><strong>ab</strong></span> <span class='ocrx_word' id='word_1_117' title='bbox 1072 2096 1418 2167; x_wconf 71' lang='lat' dir='ltr'><strong>Jemsalem</strong></span> <span class='ocrx_word' id='word_1_118' title='bbox 1449 2102 1625 2189; x_wconf 93' lang='lat' dir='ltr'><strong>(Luc.</strong></span> <span class='ocrx_word' id='word_1_119' title='bbox 1654 2102 1888 2167; x_wconf 91' lang='lat' dir='ltr'><strong>XXIV.</strong></span> <span class='ocrx_word' id='word_1_120' title='bbox 1920 2103 2056 2191; x_wconf 75' lang='lat'>47):</span> <span class='ocrx_word' id='word_1_121' title='bbox 2086 2117 2150 2167; x_wconf 91' lang='lat' dir='ltr'><strong>et</strong></span> <span class='ocrx_word' id='word_1_122' title='bbox 2178 2104 2246 2167; x_wconf 90' lang='lat' dir='ltr'><strong>in</strong></span> <span class='ocrx_word' id='word_1_123' title='bbox 2272 2126 2419 2168; x_wconf 92' lang='lat' dir='ltr'><strong>coe—</strong></span> 
     </span>
     <span class='ocr_line' id='line_1_16' title="bbox 494 2210 2421 2285; baseline 0.001 -4"><span class='ocrx_word' id='word_1_124' title='bbox 494 2218 628 2283; x_wconf 91' lang='lat' dir='ltr'><strong>lum</strong></span> <span class='ocrx_word' id='word_1_125' title='bbox 661 2216 1178 2283; x_wconf 86' lang='lat' dir='ltr'><strong>adscendentem:</strong></span> <span class='ocrx_word' id='word_1_126' title='bbox 1209 2210 1384 2283; x_wconf 80' lang='lat' dir='ltr'><strong>eritis</strong></span> <span class='ocrx_word' id='word_1_127' title='bbox 1416 2220 1573 2283; x_wconf 80' lang='lat' dir='ltr'><strong>mihi</strong></span> <span class='ocrx_word' id='word_1_128' title='bbox 1604 2233 1789 2283; x_wconf 83' lang='lat' dir='ltr'><strong>testes</strong></span> <span class='ocrx_word' id='word_1_129' title='bbox 1811 2228 1878 2283; x_wconf 90' lang='lat' dir='ltr'><strong>in</strong></span> <span class='ocrx_word' id='word_1_130' title='bbox 1898 2220 2243 2285; x_wconf 83' lang='lat' dir='ltr'><strong>Jerusalem</strong></span> <span class='ocrx_word' id='word_1_131' title='bbox 2266 2233 2333 2285; x_wconf 88' lang='lat' dir='ltr'><strong>et</strong></span> <span class='ocrx_word' id='word_1_132' title='bbox 2354 2228 2421 2283; x_wconf 89' lang='lat' dir='ltr'><strong>in</strong></span> 
     </span>
     <span class='ocr_line' id='line_1_17' title="bbox 499 2336 2420 2423; baseline 0 -24"><span class='ocrx_word' id='word_1_133' title='bbox 499 2348 689 2399; x_wconf 88' lang='lat' dir='ltr'><strong>totam</strong></span> <span class='ocrx_word' id='word_1_134' title='bbox 721 2336 1028 2399; x_wconf 83' lang='lat' dir='ltr'><strong>Iudaeam</strong></span> <span class='ocrx_word' id='word_1_135' title='bbox 1066 2349 1132 2399; x_wconf 88' lang='lat' dir='ltr'><strong>et</strong></span> <span class='ocrx_word' id='word_1_136' title='bbox 1167 2337 1517 2399; x_wconf 78' lang='lat' dir='ltr'><strong>Samariam</strong></span> <span class='ocrx_word' id='word_1_137' title='bbox 1552 2349 1618 2399; x_wconf 85' lang='lat' dir='ltr'><strong>et</strong></span> <span class='ocrx_word' id='word_1_138' title='bbox 1646 2358 1837 2423; x_wconf 83' lang='lat' dir='ltr'><strong>usque</strong></span> <span class='ocrx_word' id='word_1_139' title='bbox 1870 2344 1936 2398; x_wconf 93' lang='lat' dir='ltr'><strong>in</strong></span> <span class='ocrx_word' id='word_1_140' title='bbox 1969 2350 2157 2401; x_wconf 83' lang='lat' dir='ltr'><strong>totam</strong></span> <span class='ocrx_word' id='word_1_141' title='bbox 2190 2351 2420 2399; x_wconf 81' lang='lat' dir='ltr'><strong>terram</strong></span> 
     </span>
     <span class='ocr_line' id='line_1_18' title="bbox 503 2450 2418 2539; baseline 0.001 -25"><span class='ocrx_word' id='word_1_142' title='bbox 503 2450 674 2538; x_wconf 88' lang='lat' dir='ltr'><strong>(Act.</strong></span> <span class='ocrx_word' id='word_1_143' title='bbox 705 2451 757 2515; x_wconf 94' lang='lat' dir='ltr'><strong>I.</strong></span> <span class='ocrx_word' id='word_1_144' title='bbox 797 2451 889 2538; x_wconf 90' lang='lat'><strong>8).</strong></span> <span class='ocrx_word' id='word_1_145' title='bbox 982 2452 1180 2535; x_wconf 91' lang='lat' dir='ltr'><strong>Hujus</strong></span> <span class='ocrx_word' id='word_1_146' title='bbox 1215 2465 1423 2515; x_wconf 83' lang='lat' dir='ltr'><strong>autem</strong></span> <span class='ocrx_word' id='word_1_147' title='bbox 1457 2450 1649 2514; x_wconf 85' lang='lat' dir='ltr'><strong>divini</strong></span> <span class='ocrx_word' id='word_1_148' title='bbox 1674 2452 1951 2539; x_wconf 86' lang='lat' dir='ltr'><strong>magistri</strong></span> <span class='ocrx_word' id='word_1_149' title='bbox 1982 2452 2418 2517; x_wconf 87' lang='lat' dir='ltr'><strong>auctoritatem</strong></span> 
     </span>
     <span class='ocr_line' id='line_1_19' title="bbox 499 2566 2422 2655; baseline -0.001 -21"><span class='ocrx_word' id='word_1_150' title='bbox 499 2583 748 2634; x_wconf 90' lang='lat' dir='ltr'><strong>secutos</strong></span> <span class='ocrx_word' id='word_1_151' title='bbox 760 2567 1124 2655; x_wconf 77' lang='lat' dir='ltr'><strong>ApostoloS,</strong></span> <span class='ocrx_word' id='word_1_152' title='bbox 1141 2567 1487 2632; x_wconf 88' lang='lat' dir='ltr'><strong>Ecclesiam</strong></span> <span class='ocrx_word' id='word_1_153' title='bbox 1506 2566 1949 2632; x_wconf 85' lang='lat' dir='ltr'><strong>commendare</strong></span> <span class='ocrx_word' id='word_1_154' title='bbox 1970 2576 2036 2630; x_wconf 91' lang='lat' dir='ltr'><strong>in</strong></span> <span class='ocrx_word' id='word_1_155' title='bbox 2052 2581 2174 2631; x_wconf 89' lang='lat' dir='ltr'><strong>toto</strong></span> <span class='ocrx_word' id='word_1_156' title='bbox 2195 2570 2422 2633; x_wconf 81' lang='lat' dir='ltr'><strong>mundo</strong></span> 
     </span>
     <span class='ocr_line' id='line_1_20' title="bbox 480 2670 2445 2777; baseline 0.001 -27"><span class='ocrx_word' id='word_1_157' title='bbox 480 2687 980 2777; x_wconf 83' lang='lat' dir='ltr'><strong>fructificantem</strong></span> <span class='ocrx_word' id='word_1_158' title='bbox 1003 2698 1190 2773; x_wconf 80' lang='lat' dir='ltr'><strong>atque</strong></span> <span class='ocrx_word' id='word_1_159' title='bbox 1216 2698 1587 2748; x_wconf 83' lang='lat' dir='ltr'><strong>crescentem</strong></span> <span class='ocrx_word' id='word_1_160' title='bbox 1624 2682 1743 2773; x_wconf 89' lang='lat'><strong>(1).</strong></span> <span class='ocrx_word' id='word_1_161' title='bbox 1835 2716 1861 2741; x_wconf 75' lang='grc' dir='ltr'><strong>ιι</strong></span> <span class='ocrx_word' id='word_1_162' title='bbox 1874 2685 2305 2775; x_wconf 80' lang='lat' dir='ltr'><strong>Evangelizata</strong></span> <span class='ocrx_word' id='word_1_163' title='bbox 2330 2670 2445 2751; x_wconf 38' lang='lat' dir='ltr'><strong>est·</strong></span> 
     </span>
     <span class='ocr_line' id='line_1_21' title="bbox 504 2801 2421 2889; baseline 0 -21"><span class='ocrx_word' id='word_1_164' title='bbox 504 2803 688 2868; x_wconf 89' lang='lat' dir='ltr'><strong>nobis</strong></span> <span class='ocrx_word' id='word_1_165' title='bbox 710 2802 766 2884; x_wconf 90' lang='lat'><strong>,’&#39;</strong></span> <span class='ocrx_word' id='word_1_166' title='bbox 809 2801 1012 2889; x_wconf 88' lang='lat' dir='ltr'><strong>inquit</strong></span> <span class='ocrx_word' id='word_1_167' title='bbox 1029 2850 1047 2883; x_wconf 95' lang='lat'><strong>,</strong></span> <span class='ocrx_word' id='word_1_168' title='bbox 1105 2801 1420 2866; x_wconf 76' lang='lat' dir='ltr'><strong>»Ecclesia</strong></span> <span class='ocrx_word' id='word_1_169' title='bbox 1462 2824 1579 2889; x_wconf 90' lang='lat' dir='ltr'><strong>per</strong></span> <span class='ocrx_word' id='word_1_170' title='bbox 1608 2818 1813 2865; x_wconf 87' lang='lat' dir='ltr'><strong>totum</strong></span> <span class='ocrx_word' id='word_1_171' title='bbox 1841 2803 2061 2867; x_wconf 90' lang='lat' dir='ltr'><strong>orbem</strong></span> <span class='ocrx_word' id='word_1_172' title='bbox 2115 2819 2421 2869; x_wconf 89' lang='lat' dir='ltr'><strong>terrarum</strong></span> 
     </span>
     <span class='ocr_line' id='line_1_22' title="bbox 500 2917 2419 3009; baseline 0.002 -26"><span class='ocrx_word' id='word_1_173' title='bbox 500 2920 728 2984; x_wconf 78' lang='lat' dir='ltr'><strong>futura.</strong></span> <span class='ocrx_word' id='word_1_174' title='bbox 823 2920 966 2982; x_wconf 91' lang='lat' dir='ltr'><strong>Hoc</strong></span> <span class='ocrx_word' id='word_1_175' title='bbox 997 2918 1065 2982; x_wconf 86' lang='lat' dir='ltr'><strong>in</strong></span> <span class='ocrx_word' id='word_1_176' title='bbox 1114 2918 1278 3009; x_wconf 86' lang='lat' dir='ltr'><strong>Lege</strong></span> <span class='ocrx_word' id='word_1_177' title='bbox 1297 2967 1317 3000; x_wconf 92' lang='lat'><strong>,</strong></span> <span class='ocrx_word' id='word_1_178' title='bbox 1378 2934 1444 2982; x_wconf 89' lang='lat' dir='ltr'><strong>et</strong></span> <span class='ocrx_word' id='word_1_179' title='bbox 1492 2917 1823 3007; x_wconf 90' lang='lat' dir='ltr'><strong>Prophetis</strong></span> <span class='ocrx_word' id='word_1_180' title='bbox 1844 2966 1865 3001; x_wconf 90' lang='lat'><strong>,</strong></span> <span class='ocrx_word' id='word_1_181' title='bbox 1900 2934 1965 2984; x_wconf 88' lang='lat' dir='ltr'><strong>et</strong></span> <span class='ocrx_word' id='word_1_182' title='bbox 1996 2919 2255 2985; x_wconf 87' lang='lat' dir='ltr'><strong>Psalmis</strong></span> <span class='ocrx_word' id='word_1_183' title='bbox 2287 2944 2419 2987; x_wconf 89' lang='lat' dir='ltr'><strong>esse</strong></span> 
     </span>
     <span class='ocr_line' id='line_1_23' title="bbox 502 3035 2420 3127; baseline 0.002 -26"><span class='ocrx_word' id='word_1_184' title='bbox 502 3036 1006 3127; x_wconf 85' lang='lat' dir='ltr'><strong>praenuntiatum</strong></span> <span class='ocrx_word' id='word_1_185' title='bbox 1047 3036 1181 3123; x_wconf 90' lang='lat' dir='ltr'><strong>ipse</strong></span> <span class='ocrx_word' id='word_1_186' title='bbox 1220 3035 1527 3099; x_wconf 89' lang='lat' dir='ltr'><strong>Dominus</strong></span> <span class='ocrx_word' id='word_1_187' title='bbox 1566 3035 1927 3100; x_wconf 88' lang='lat' dir='ltr'><strong>testificatus</strong></span> <span class='ocrx_word' id='word_1_188' title='bbox 1963 3051 2054 3101; x_wconf 88' lang='lat' dir='ltr'><strong>est</strong></span> <span class='ocrx_word' id='word_1_189' title='bbox 2068 3084 2087 3120; x_wconf 94' lang='lat'><strong>,</strong></span> <span class='ocrx_word' id='word_1_190' title='bbox 2136 3040 2242 3126; x_wconf 87' lang='lat' dir='ltr'><strong>qui</strong></span> <span class='ocrx_word' id='word_1_191' title='bbox 2276 3062 2420 3105; x_wconf 84' lang='lat' dir='ltr'><strong>eam</strong></span> 
     </span>
     <span class='ocr_line' id='line_1_24' title="bbox 505 3153 2421 3246; baseline 0.002 -26"><span class='ocrx_word' id='word_1_192' title='bbox 505 3170 871 3243; x_wconf 88' lang='lat' dir='ltr'><strong>coepturam</strong></span> <span class='ocrx_word' id='word_1_193' title='bbox 897 3155 976 3220; x_wconf 81' lang='lat' dir='ltr'><strong>ab</strong></span> <span class='ocrx_word' id='word_1_194' title='bbox 999 3153 1338 3217; x_wconf 88' lang='lat' dir='ltr'><strong>Jerusalem</strong></span> <span class='ocrx_word' id='word_1_195' title='bbox 1369 3169 1434 3217; x_wconf 92' lang='lat' dir='ltr'><strong>et</strong></span> <span class='ocrx_word' id='word_1_196' title='bbox 1461 3176 1579 3242; x_wconf 92' lang='lat' dir='ltr'><strong>per</strong></span> <span class='ocrx_word' id='word_1_197' title='bbox 1610 3175 1827 3219; x_wconf 88' lang='lat' dir='ltr'><strong>omnes</strong></span> <span class='ocrx_word' id='word_1_198' title='bbox 1856 3172 2069 3244; x_wconf 88' lang='lat' dir='ltr'><strong>gentes</strong></span> <span class='ocrx_word' id='word_1_199' title='bbox 2098 3180 2421 3246; x_wconf 84' lang='lat' dir='ltr'><strong>permana-</strong></span> 
     </span>
     <span class='ocr_line' id='line_1_25' title="bbox 503 3264 2415 3361; baseline 0.002 -24"><span class='ocrx_word' id='word_1_200' title='bbox 503 3286 712 3337; x_wconf 83' lang='lat' dir='ltr'><strong>turam</strong></span> <span class='ocrx_word' id='word_1_201' title='bbox 747 3295 878 3336; x_wconf 88' lang='lat' dir='ltr'><strong>esse</strong></span> <span class='ocrx_word' id='word_1_202' title='bbox 914 3270 1260 3361; x_wconf 81' lang='lat' dir='ltr'><strong>praedixit,</strong></span> <span class='ocrx_word' id='word_1_203' title='bbox 1285 3286 1495 3335; x_wconf 80' lang='lat' dir='ltr'><strong>‘testes</strong></span> <span class='ocrx_word' id='word_1_204' title='bbox 1528 3264 1645 3336; x_wconf 76' lang='lat' dir='ltr'><strong>sibi</strong></span> <span class='ocrx_word' id='word_1_205' title='bbox 1668 3272 1911 3336; x_wconf 85' lang='lat' dir='ltr'><strong>futuros</strong></span> <span class='ocrx_word' id='word_1_206' title='bbox 1942 3273 2008 3337; x_wconf 89' lang='lat' dir='ltr'><strong>in</strong></span> <span class='ocrx_word' id='word_1_207' title='bbox 2039 3275 2377 3339; x_wconf 87' lang='lat' dir='ltr'><strong>Jerusalem</strong></span> <span class='ocrx_word' id='word_1_208' title='bbox 2395 3324 2415 3358; x_wconf 94' lang='lat'><strong>,</strong></span> 
     </span>
     <span class='ocr_line' id='line_1_26' title="bbox 503 3387 2413 3476; baseline 0.001 -22"><span class='ocrx_word' id='word_1_209' title='bbox 503 3405 569 3454; x_wconf 90' lang='lat' dir='ltr'><strong>et</strong></span> <span class='ocrx_word' id='word_1_210' title='bbox 592 3390 661 3453; x_wconf 90' lang='lat' dir='ltr'><strong>in</strong></span> <span class='ocrx_word' id='word_1_211' title='bbox 680 3404 818 3453; x_wconf 91' lang='lat' dir='ltr'><strong>tota</strong></span> <span class='ocrx_word' id='word_1_212' title='bbox 831 3387 1088 3470; x_wconf 82' lang='lat' dir='ltr'><strong>Iudaea,</strong></span> <span class='ocrx_word' id='word_1_213' title='bbox 1121 3402 1184 3453; x_wconf 90' lang='lat' dir='ltr'><strong>et</strong></span> <span class='ocrx_word' id='word_1_214' title='bbox 1197 3387 1498 3470; x_wconf 87' lang='lat' dir='ltr'><strong>Samaria,</strong></span> <span class='ocrx_word' id='word_1_215' title='bbox 1530 3404 1594 3452; x_wconf 91' lang='lat' dir='ltr'><strong>et</strong></span> <span class='ocrx_word' id='word_1_216' title='bbox 1617 3411 1809 3476; x_wconf 88' lang='lat' dir='ltr'><strong>usque</strong></span> <span class='ocrx_word' id='word_1_217' title='bbox 1834 3390 1901 3454; x_wconf 89' lang='lat' dir='ltr'><strong>in</strong></span> <span class='ocrx_word' id='word_1_218' title='bbox 1922 3406 2121 3457; x_wconf 86' lang='lat' dir='ltr'><strong>totam</strong></span> <span class='ocrx_word' id='word_1_219' title='bbox 2143 3407 2374 3457; x_wconf 87' lang='lat' dir='ltr'><strong>terram</strong></span> <span class='ocrx_word' id='word_1_220' title='bbox 2394 3441 2413 3476; x_wconf 95' lang='lat'><strong>,</strong></span> 
     </span>
     <span class='ocr_line' id='line_1_27' title="bbox 501 3505 2415 3595; baseline 0.002 -24"><span class='ocrx_word' id='word_1_221' title='bbox 501 3506 996 3595; x_wconf 82' lang='lat' dir='ltr'><strong>praenunciavit.</strong></span> <span class='ocrx_word' id='word_1_222' title='bbox 1087 3505 1263 3570; x_wconf 88' lang='lat' dir='ltr'><strong>Haec</strong></span> <span class='ocrx_word' id='word_1_223' title='bbox 1302 3506 1495 3570; x_wconf 81' lang='lat' dir='ltr'><strong>verba</strong></span> <span class='ocrx_word' id='word_1_224' title='bbox 1531 3505 1699 3571; x_wconf 85' lang='lat' dir='ltr'><strong>facta</strong></span> <span class='ocrx_word' id='word_1_225' title='bbox 1736 3522 1949 3571; x_wconf 83' lang='lat' dir='ltr'><strong>secuta</strong></span> <span class='ocrx_word' id='word_1_226' title='bbox 1980 3522 2145 3574; x_wconf 86' lang='lat' dir='ltr'><strong>sunt.</strong></span> <span class='ocrx_word' id='word_1_227' title='bbox 2239 3507 2415 3589; x_wconf 90' lang='lat' dir='ltr'><strong>Quo-</strong></span> 
     </span>
    </p>
   </div>
   <div class='ocr_carea' id='block_1_5' title="bbox 562 3836 2431 4072">
    <p class='ocr_par' dir='ltr' id='par_1_5' title="bbox 562 3836 2431 4072">
     <span class='ocr_line' id='line_1_28' title="bbox 562 3836 2431 3911; baseline 0.003 -22"><span class='ocrx_word' id='word_1_228' title='bbox 562 3838 644 3906; x_wconf 86' lang='lat' dir='ltr'><strong>(l)</strong></span> <span class='ocrx_word' id='word_1_229' title='bbox 677 3839 748 3889; x_wconf 80' lang='lat' dir='ltr'><strong>De</strong></span> <span class='ocrx_word' id='word_1_230' title='bbox 799 3838 930 3887; x_wconf 78' lang='lat' dir='ltr'><strong>unit.</strong></span> <span class='ocrx_word' id='word_1_231' title='bbox 979 3837 1117 3887; x_wconf 75' lang='lat' dir='ltr'><strong>Bccl.</strong></span> <span class='ocrx_word' id='word_1_232' title='bbox 1171 3837 1198 3902; x_wconf 67' lang='grc' dir='ltr'><strong>ς</strong></span> <span class='ocrx_word' id='word_1_233' title='bbox 1249 3836 1304 3886; x_wconf 86' lang='lat'><strong>11</strong></span> <span class='ocrx_word' id='word_1_234' title='bbox 1339 3853 1519 3902; x_wconf 71' lang='lat' dir='ltr'><strong>seqq..</strong></span> <span class='ocrx_word' id='word_1_235' title='bbox 1557 3855 1607 3890; x_wconf 85' lang='lat' dir='ltr'><strong>c.</strong></span> <span class='ocrx_word' id='word_1_236' title='bbox 1640 3839 1875 3890; x_wconf 71' lang='lat' dir='ltr'><strong>cre-oon.</strong></span> <span class='ocrx_word' id='word_1_237' title='bbox 1911 3839 2021 3893; x_wconf 71' lang='lat' dir='ltr'><strong>zib.</strong></span> <span class='ocrx_word' id='word_1_238' title='bbox 2061 3841 2130 3891; x_wconf 78' lang='lat' dir='ltr'><strong>tv</strong></span> <span class='ocrx_word' id='word_1_239' title='bbox 2168 3845 2191 3911; x_wconf 73' lang='grc' dir='ltr'><strong>ς</strong></span> <span class='ocrx_word' id='word_1_240' title='bbox 2226 3842 2327 3903; x_wconf 73' lang='lat'><strong>65,</strong></span> <span class='ocrx_word' id='word_1_241' title='bbox 2362 3844 2431 3895; x_wconf 73' lang='lat'><strong>69</strong></span> 
     </span>
     <span class='ocr_line' id='line_1_29' title="bbox 687 3920 2427 3993; baseline 0.005 -23"><span class='ocrx_word' id='word_1_242' title='bbox 687 3926 742 3971; x_wconf 75' lang='lat' dir='ltr'><strong>et</strong></span> <span class='ocrx_word' id='word_1_243' title='bbox 769 3920 853 3971; x_wconf 89' lang='grc'><strong>70.</strong></span> <span class='ocrx_word' id='word_1_244' title='bbox 924 3920 1204 3970; x_wconf 65' lang='lat' dir='ltr'><strong>laudatum</strong></span> <span class='ocrx_word' id='word_1_245' title='bbox 1240 3921 1609 3972; x_wconf 74' lang='lat' dir='ltr'><strong>catholicorum</strong></span> <span class='ocrx_word' id='word_1_246' title='bbox 1643 3922 1705 3975; x_wconf 70' lang='lat' dir='ltr'><strong>nd</strong></span> <span class='ocrx_word' id='word_1_247' title='bbox 1738 3924 2075 3975; x_wconf 69' lang='lat' dir='ltr'><strong>Uercellinum</strong></span> <span class='ocrx_word' id='word_1_248' title='bbox 2113 3927 2165 3975; x_wconf 86' lang='lat' dir='ltr'><strong>in</strong></span> <span class='ocrx_word' id='word_1_249' title='bbox 2198 3928 2427 3993; x_wconf 75' lang='lat' dir='ltr'><strong>Append.</strong></span> 
     </span>
     <span class='ocr_line' id='line_1_30' title="bbox 687 4002 1631 4072; baseline -0.001 -17"><span class='ocrx_word' id='word_1_250' title='bbox 687 4006 816 4071; x_wconf 79' lang='lat' dir='ltr'><strong>opp.</strong></span> <span class='ocrx_word' id='word_1_251' title='bbox 852 4005 1066 4067; x_wconf 68' lang='lat' dir='ltr'><strong>August.</strong></span> <span class='ocrx_word' id='word_1_252' title='bbox 1102 4004 1159 4055; x_wconf 83' lang='grc' dir='ltr'><strong>Τ.</strong></span> <span class='ocrx_word' id='word_1_253' title='bbox 1193 4002 1266 4055; x_wconf 82' lang='lat' dir='ltr'><strong>lx</strong></span> <span class='ocrx_word' id='word_1_254' title='bbox 1300 4020 1350 4072; x_wconf 83' lang='lat' dir='ltr'><strong>p.</strong></span> <span class='ocrx_word' id='word_1_255' title='bbox 1385 4004 1454 4057; x_wconf 78' lang='lat'><strong>37</strong></span> <span class='ocrx_word' id='word_1_256' title='bbox 1488 4020 1631 4069; x_wconf 68' lang='lat' dir='ltr'><strong>seqq.</strong></span> 
     </span>
    </p>
   </div>
   <div class='ocr_carea' id='block_1_6' title="bbox 2130 4102 2165 4167">
    <p class='ocr_par' dir='ltr' id='par_1_6' title="bbox 2130 4102 2165 4167">
     <span class='ocr_line' id='line_1_31' title="bbox 2130 4102 2165 4167; baseline 0 0"><span class='ocrx_word' id='word_1_257' title='bbox 2130 4102 2165 4167; x_wconf 82' lang='lat'><em>5</em></span> 
     </span>
    </p>
   </div>
  </div>
 </body>
</html>
