2917 4967
1252 398 1418 471 ‘97

408 657 569 707 stare
597 634 1069 729 implementum
1085 683 1103 718 ,
1155 636 1395 701 etiamsi
1418 635 1587 700 forte
1612 634 1893 702 Ecclesia
1912 684 1932 720 ,
1978 638 2155 706 omni
2184 656 2336 709 tem-

403 780 565 848 pore
581 773 646 823 et
664 770 831 821 statu
847 754 1297 821 Christianismi
1309 801 1330 837 ,
1359 754 1488 819 hoc
1505 775 1688 819 sensu
1702 776 1836 819 non
1850 755 1933 821 sit
1948 756 2333 825 Catholica.”

491 858 658 940 Hinc
687 896 841 940 vero
869 872 1056 940 simul
1083 887 1262 962 patet
1279 920 1298 955 ,
1337 869 1490 959 quid
1520 871 1916 938 statuendum
1956 875 2036 939 sit
2078 874 2161 941 de
2202 900 2336 943 sen·

402 994 599 1058 tentia
616 1040 635 1075 ,
685 1014 876 1080 quam
924 988 1282 1056 enunciavit
1322 986 1729 1077 defenditque
1768 990 2180 1081 Augustinus:
2228 1018 2335 1060 ex.

397 1126 497 1175 tra
523 1109 1037 1175 communionem
1057 1130 1206 1171 cum
1226 1104 1456 1171 visibili
1482 1105 1811 1171 Catholica
1832 1107 2116 1174 Ecclesia
2138 1112 2335 1175 nemi-

397 1249 544 1293 nem
569 1228 782 1292 salutis
808 1240 1174 1315 compotem
1196 1222 1357 1289 fieri.
1422 1222 1548 1287 Hic
1580 1222 1749 1287 enim
1776 1224 1847 1289 in
1877 1225 2142 1291 oculos‘
2122 1250 2330 1293 meur-

393 1346 479 1411 rit
515 1344 904 1434 permutatio
932 1342 1253 1409 Ecclesiae
1281 1340 1621 1407 notionum
1636 1387 1657 1423 ,
1694 1363 1959 1430 quarum
1992 1340 2329 1463 discrimen

398 1485 586 1553 supra
614 1461 1050 1528 indicavimus.

480 1579 694 1645 Facile
743 1594 959 1643 tamen
987 1576 1388 1669 intelligitur,
1443 1575 1612 1642 unde
1660 1572 1899 1643 factum
1950 1579 2065 1662 sit,
2110 1594 2183 1646 ut
2218 1604 2323 1647 eas

389 1720 602 1763 secum
643 1696 916 1761 invicem
953 1695 1436 1784 permutaverit,
1484 1694 1539 1759 si
1571 1690 1767 1759 modo
1798 1696 1961 1761 ratio
1992 1712 2319 1780 teneatur,

386 1832 511 1905 qua
538 1814 844 1905 religione
872 1812 1147 1877 imbutus
1193 1812 1277 1877 sit
1328 1826 1395 1879 et
1454 1808 1539 1876 ad
1588 1808 1947 1901 theologiae
1989 1814 2319 1881 scientiam

385 1929 761 2023 pervenerit.
779 1966 868 1979 -
884 1930 1117 2012 Mater,
1143 1930 1248 1995 cui
1271 1944 1606 2018 tantopere
1631 1928 1813 1993 cordi
1838 1945 1975 1995 erat
1993 1930 2105 1996 filii
2125 1934 2313 2016 salus,

381 2066 628 2116 mature
669 2072 816 2115 eum
859 2044 1148 2131 edocuit,
1179 2070 1296 2137 per
1327 2046 1532 2111 solam
1555 2046 1904 2112 Ecclesiam
1924 2049 2321 2117 Catholicam

379 2170 451 2235 in
475 2167 728 2235 coelum
755 2168 921 2233 viam
945 2181 1184 2257 patere.
1277 2164 1340 2230 A
1358 2166 1689 2251 juventute
1717 2186 1872 2229 vero
1903 2164 2054 2252 inde
2081 2166 2151 2231 in
2181 2188 2315 2233 om-

380 2287 640 2376 nigenos
676 2305 919 2350 errores
957 2283 1287 2372 prolapsus
1300 2330 1320 2365 ,
1363 2305 1580 2372 pugna
1612 2283 1855 2350 bonum
1883 2282 2051 2349 inter
2077 2300 2144 2350 et
2180 2309 2311 2352 ma·

377 2403 512 2469 lum
546 2424 694 2467 cum
729 2401 800 2464 in
842 2400 1054 2465 animo
1088 2401 1222 2485 ejus
1257 2414 1578 2489 gereretur
1591 2445 1610 2480 ,
1656 2398 2152 2495 Manichaeismo
2182 2403 2313 2491 pri-

377 2543 554 2591 mum
595 2540 663 2583 se
707 2516 980 2601 addixit3
1033 2539 1182 2582 cum
1234 2536 1387 2581 vero
1453 2510 1768 2581 desiderio
1824 2536 1938 2579 suo
1980 2538 2115 2582 non
2160 2520 2309 2584 satis

375 2638 586 2719 fieret,
637 2635 894 2699 missum
924 2655 1070 2699 eum
1111 2632 1266 2698 fecit
1281 2679 1302 2714 ,
1350 2646 1416 2697 et
1443 2632 1515 2697 in
1542 2630 2023 2720 Scepticismum
2051 2633 2298 2703 incidit.

373 2752 660 2820 Tandem
711 2768 925 2817 tamen
977 2749 1248 2815 sentiens
1308 2748 1427 2812 sibi
1492 2770 1654 2838 opus
1717 2770 1882 2832 esse,
1944 2763 2014 2814 ut
2068 2750 2307 2839 aliquid

369 2896 591 2941 verum
661 2881 1062 2963 agnosceret,
1134 2888 1214 2932 eo
1287 2864 1575 2954 pervenit
1591 2911 1610 2948 ,
1685 2879 1758 2929 ut
1824 2863 2017 2930 fidem
2084 2884 2303 2934 aucto-

370 2993 542 3061 ritati
591 2987 843 3054 visibilis
887 2983 1206 3051 Ecclesiae
1251 2982 1551 3063 haberet3
1599 2982 1767 3047 hanc
1798 2979 2093 3048 divinitus
2118 2985 2295 3051 insti-

369 3126 572 3177 tutam
596 3105 948 3173 existimans
964 3150 984 3186 ,
1031 3114 1104 3167 ut
1128 3100 1368 3165 animus
1391 3082 1666 3165 hominis
1679 3100 2003 3188 inquietus
2030 3100 2113 3167 ad
2134 3090 2296 3169 reri-

366 3244 562 3293 tatem
607 3239 675 3290 et
723 3244 947 3313 pacem
995 3218 1321 3309 pervenire
1363 3232 1601 3306 posset.
1674 3214 1840 3283 Nam
1882 3217 1952 3283 in
2008 3222 2298 3288 omnibus

368 3347 535 3411 vitae
561 3338 1032 3408 conditionibus
1053 3334 1316 3401 firmiter
1338 3348 1626 3409 tenuerat
1639 3382 1658 3417 ,
1682 3356 1898 3400 veram
1921 3358 1995 3401 ac
2020 3335 2299 3405 divinam

367 3485 499 3529 esse
526 3458 884 3526 doctrinam
911 3454 1362 3537 Christianam3
1405 3449 1516 3518 sed
1530 3500 1550 3537 ,
1602 3452 1715 3518 ubi
1744 3474 1885 3517 eam
1918 3472 2247 3541 quaereret
2262 3504 2285 3541 ,

364 3578 592 3645 dubius
647 3574 849 3641 haesit
862 3621 881 3656 ,
939 3595 1087 3637 cum
1139 3586 1242 3636 tot
1293 3585 1500 3635 sectae
1554 3592 1622 3635 se
1677 3592 1819 3636 eam
1861 3571 2097 3637 habere
2137 3597 2287 3663 pro-

359 3696 708 3762 fiterentur.
799 3689 1148 3777 Propterea
1173 3702 1412 3752 eertam
1439 3687 1781 3773 quaerebat
1809 3690 2247 3757 auctoritatem
2261 3740 2281 3775 ,

363 3836 522 3903 quae
571 3811 632 3877 ei
687 3802 1077 3887 ostenderet,
1145 3804 1259 3869 ubi
1314 3818 1476 3868 esset
1522 3802 1633 3868 illa
1675 3804 1907 3877 Christi
1948 3801 2278 3891 doctrina,

355 3932 466 3997 ubi
479 3930 879 4018 scriptorum,
908 3923 1134 4012 quibus
1155 3920 1536 4002 continetur,
1562 3921 1929 4012 incorrupta
1952 3922 2273 4007 collectio,

353 4068 638 4137 quaeque
684 4066 833 4110 vera
881 4055 1043 4107 esset
1084 4062 1160 4105 ea
1179 4036 1635 4127 interpretandi
1660 4038 1846 4106 ratio.
1938 4040 2098 4107 Eam
2126 4058 2278 4107 vero

2018 4180 2056 4242 7
