2917 4967
1489 432 1584 504 54

672 664 776 729 Ad
823 664 1109 752 exempla
1156 666 1346 729 etiam
1389 664 1783 757 provocabat
1810 666 2191 755 Augustinus
2216 712 2237 746 ,
2282 652 2347 729 et
2382 668 2512 753 qui-

588 782 736 847 dem
783 805 930 847 cum
974 782 1458 870 Prophetarum,
1506 790 1617 873 qui
1654 789 2192 848 communicarunt
2211 806 2352 847 cum
2380 792 2462 848 iis
2488 834 2507 868 ,

585 908 658 964 in
687 922 842 989 quos
887 922 1120 987 magna
1150 900 1320 963 mala
1347 900 1652 963 dixerunt
1673 898 1765 988 (1)
1789 947 1809 982 ,
1856 915 1994 967 tum
2020 900 2211 989 ipsius
2240 903 2515 968 Servato-

591 1025 682 1080 ris·
704 1064 724 1098 ,
773 1018 1004 1104 quippe
1041 1017 1152 1105 qui
1176 1016 1399 1081 Iudam
1419 1016 1792 1113 traditonem
1817 1065 1837 1100 ,
1888 1040 2037 1083 cum
2060 1019 2143 1083 ab
2170 1019 2353 1085 initio
2380 1023 2512 1105 jam

588 1133 789 1199 malus
817 1148 976 1198 esset
1002 1180 1022 1215 ,
1067 1134 1234 1199 inter
1262 1133 1469 1199 bonos
1500 1134 1757 1199 retinuit
1778 1132 1898 1223 (2).

678 1249 1024 1315 Donatistis
1059 1268 1212 1316 vero
1239 1252 1675 1337 objicientibus
1688 1300 1707 1335 ,
1736 1254 1949 1318 omnia
1974 1252 2085 1317 illa
2106 1253 2514 1343 intelligenda

589 1388 722 1433 esse
751 1365 832 1433 de
869 1366 1054 1431 malis*
1083 1368 1338 1431 occultis
1355 1414 1376 1449 ‚
1411 1391 1546 1433 non
1571 1391 1725 1433 vero
1752 1367 1833 1433 de
1854 1370 2253 1458 manfistis3
2293 1371 2364 1436 in
2396 1372 2512 1437 Ec-

591 1482 781 1549 clesia
827 1484 996 1548 enim
1043 1506 1176 1549 non
1219 1508 1350 1550 csse
1393 1508 1578 1574 posse
1618 1485 1947 1550 manifesta
1974 1487 2206 1551 zizania
2234 1484 2326 1577 (3)
2344 1536 2363 1571 ,
2388 1510 2513 1553 res-

589 1598 946 1691 pondebat:
974 1602 1009 1665 J
1009 1624 1182 1667 esum
1205 1602 1274 1666 in
1297 1600 1703 1667 similitudine
1727 1604 1878 1669 retis
1898 1604 2168 1680 occultos
2186 1604 2385 1669 malos
2402 1606 2517 1696 sig-

587 1718 844 1785 nificare
883 1719 1151 1785 voluisse
1187 1750 1216 1777 v·
1231 1743 1388 1809 quos
1431 1720 1523 1785 ita
1556 1722 1843 1785 nesciunt
1867 1721 2224 1788 sacerdotes
2245 1770 2264 1806 ,
2305 1745 2519 1811 quem-

588 1835 938 1903 admodum
967 1838 1101 1901 -sub
1141 1834 1428 1902 fluctibus
1478 1836 1630 1925 quid
1676 1839 1960 1927 ceperint
1998 1840 2157 1903 retia
2170 1885 2199 1921 ,‚
2232 1840 2518 1905 nesciunt

588 1953 995 2043 piscatores.”
1098 1953 1186 2020 At
1229 1969 1567 2043 propterea
1620 1954 1968 2019 Ecclesiam
2024 1978 2207 2021 areae
2268 1980 2518 2047 compa-

589 2094 758 2136 rasse
771 2117 791 2153 ,
841 2101 872 2127 ι
887 2086 961 2135 ut
1002 2070 1196 2136 etiam
1245 2070 1561 2135 manifesti
1602 2070 1756 2135 mali
1799 2072 1983 2136 bonis
2020 2073 2089 2137 in
2120 2096 2195 2138 ea
2226 2075 2518 2163 permixti

587 2188 1189 2276 praemmciarentur
1223 2186 1445 2253 futuri.
1534 2186 1755 2275 Neque
1788 2188 1963 2253 enim
2004 2191 2187 2279 palea
2206 2238 2225 2274 ,
2262 2213 2423 2279 quae
2448 2193 2521 2259 in

593 2326 742 2369 area
767 2320 862 2370 est
885 2304 1195 2394 permixta
1213 2292 1572 2387 irum‘entis,
1596 2305 1787 2371 etiam
1814 2306 1951 2395 ipsa
1982 2308 2095 2371 sub
2124 2306 2416 2375 fluctibus
2431 2309 2519 2375 la-

587 2436 682 2489 tet
698 2471 717 2505 ‚
737 2446 897 2511 quae
921 2424 1011 2487 sic
1037 2422 1321 2488 omnium
1341 2420 1543 2487 oculis
1564 2438 1659 2488 est
1688 2424 2032 2513 conspicua
2045 2472 2065 2507 ,
2088 2440 2159 2491 ut
2176 2427 2387 2515 potius
2404 2449 2513 2493 oc-

597 2540 768 2605 culta
793 2541 919 2605 sint
940 2540 1011 2605 in
1037 2563 1113 2605 ea
1141 2539 1454 2605 frumenta
1469 2588 1489 2622 ,
1537 2563 1683 2606 cum
1708 2541 1789 2605 sit
1816 2541 1953 2632 ipsa
1984 2544 2315 2611 manifesta
2338 2543 2497 2635 (4).”

678 2656 871 2722 Aliud
923 2658 1116 2722 etiam
1161 2657 1547 2743 objiciebant
1582 2659 1987 2745 Donatistae:
2022 2660 2181 2727 locis
2220 2663 2518 2743 nimirum

591 2797 632 2841 a
662 2775 1004 2841 Catholicis
1029 2775 1231 2841 allatis
1257 2784 1400 2840 non'
1413 2798 1773 2843 sermonem
1796 2800 1928 2843 esse
1958 2776 2037 2843 de
2070 2782 2520 2847 commixtione
2635 2800 2643 2809 ·

589 2894 907 2959 bonorum
940 2916 1015 2958 ac
1046 2892 1359 2958 malorum
1383 2893 1448 2957 in
1472 2894 1766 2959 Ecclesia
1782 2942 1803 2981 ,
1830 2893 1942 2960 sed
1969 2896 2039 2959 in
2058 2898 2335 2964 Mundo:
2364 2920 2517 2987 agro

589 3011 762 3075 enim
787 3024 852 3075 et
875 3006 996 3075 reti
1017 3032 1149 3074 non
1171 3010 1559 3093 Ecclesiam,
1586 3011 1700 3079 sed
1724 3012 2019 3077 mundum
2043 3012 2519 3103 intelligendum

591 3147 748 3191 esse.
796 3124 1242 3191 P'rovocabant
1268 3126 1351 3191 ad
1382 3128 1618 3215 ipsam,
1648 3151 1841 3215 quam
1873 3129 2044 3201 Iesus
2072 3126 2389 3219 discipulis
2414 3130 2521 3199 de-

589 3241 718 3325 dit,
761 3241 1104 3333 patabolae
1141 3242 1628 3332 explicationem
1644 3292 1664 3326 ,
1698 3244 1769 3310 in
1804 3245 1928 3332 qua
1950 3268 2174 3335 agrum
2205 3270 2323 3336 per
2348 3272 2519 3315 mun·

593 3361 740 3432 dum
763 3360 1204 3449 interpretatus
1233 3375 1348 3425 est.

681 3478 1060 3569 Augustinus
1087 3500 1243 3543 vero
1273 3477 1570 3543 mundum
1594 3479 1815 3569 ipsum¹
1832 3480 2220 3571 appellatum
2244 3505 2377 3552 esse
2395 3506 2518 3573 pro

595 3597 892 3664 ecelesiae
942 3596 1200 3662 nomine
1245 3596 1651 3686 perhibebat3
1694 3613 1760 3663 et
1808 3598 2063 3687 quidem
2092 3622 2237 3673 eam
2258 3602 2345 3669 ob
2378 3624 2519 3667 cau-

649 3845 733 3911 (1)
766 3847 910 3895 BreV.
947 3844 1128 3894 cnllat.
1163 3844 1217 3893 d.
1251 3842 1331 3892 111
1366 3842 1391 3909 ς
1432 3844 1517 3895 17.

647 3928 728 3994 (2)
765 3930 838 3978 De
872 3927 1008 3979 unit.
1044 3926 1184 3977 Ecol.
1222 3926 1246 3991 ς
1284 3926 1372 3977 35.

647 4011 732 4077 (3)
762 4012 819 4060 C.
857 4008 1020 4061 Gaud.
1057 4007 1164 4059 Lib.
1203 4008 1256 4059 11
1289 4008 1316 4075 ς
1353 4006 1405 4060 4.
1444 4010 1590 4061 Brev.
1628 4008 1764 4063 Gon.
1797 4012 1851 4064 «1.
1888 4013 1968 4063 111
2001 4014 2028 4080 ς
2068 4014 2151 4067 16.

645 4095 728 4161 (4)
763 4092 838 4143 Ad
872 4092 1121 4142 Donatist.
1157 4095 1274 4157 post
1305 4092 1489 4145 collat.
1526 4094 1551 4161 ς
1595 4094 1656 4144 13
1691 4098 1745 4145 et
1783 4096 1863 4146 14.
