2917 4967
1429 348 1637 483 412⁹

510 646 746 735 scripto
769 642 1210 735 componendo
1239 644 1298 709 ei
1325 632 1540 709 ansam
1568 640 1764 708 dedit.
1856 641 1973 707 Ille
1996 642 2167 709 enim
2183 630 2432 711 'litteras

511 760 687 827 dedit
707 760 788 827 ad
801 762 1242 853 Augustinum,
1269 782 1575 848 quaerens
1602 758 1938 824 discrimen
1958 759 2432 826 Donatistasin-

505 892 604 943 ter
627 892 694 943 et
717 879 1006 943 Arianos.
1077 876 1268 942 Hisce
1295 892 1509 943 autem
1534 892 1667 941 tam
1694 876 1887 967 longa
1906 877 2235 967 respondit
2255 874 2434 969 Epis·

507 994 644 1060 tola
659 1044 678 1079 ,
725 1010 800 1061 ut
827 996 1058 1060 librum
1085 1018 1233 1061 eum
1265 995 1694 1086 appellaverit.
1788 995 2127 1085 Inscriptus
2171 1010 2296 1061 est:
2340 994 2434 1061 ’ως

509 1130 947 1178 conucnon
971 1104 1465 1178 nonius-nuum
1500 1110 1618 1202 (1).
1677 1110 1975 1177 Defendit
1998 1114 2433 1181 necessitatem

515 1244 581 1297 et
604 1230 938 1296 utilitatem
965 1230 1478 1319 persecutionum
1509 1244 1731 1297 contra
1780 1230 2165 1296 Donatistas.

529 1368 534 1375 ·
599 1348 788 1411 Anno
863 1348 1055 1413 etiam
1108 1347 1236 1427 418
1305 1370 1421 1438 per
1484 1347 1931 1412 Mauritaniam
1990 1347 2113 1411 iter
2166 1346 2436 1413 faciente

510 1464 863 1556 Augustino
881 1513 901 1547 ,
929 1466 1271 1531 Caesareae
1303 1466 1363 1529 ei
1412 1466 1669 1529 obviam
1698 1464 1870 1529 venit
1892 1464 2228 1546 ¹Emeritus
2256 1464 2435 1554 Epis-

514 1604 710 1671 copus
726 1628 746 1664 ,
799 1606 960 1648 unus
999 1604 1077 1648 ex
1119 1598 1358 1671 septem
1400 1572 1745 1671 Episcopis'
1774 1582 2248 1647 Donatistarum
2262 1630 2281 1665 ,
2330 1583 2438 1670 qui

513 1702 705 1765 verba
731 1701 800 1765 in
827 1700 1164 1766 collatione
1201 1700 1699 1790 Carthaginiensi
1733 1698 2015 1765 fecerant
2046 1716 2109 1764 et
2142 1698 2222 1765 ad
2248 1723 2440 1789 quem

509 1817 838 1907 epistolam
868 1834 1013 1907 post
1043 1818 1446 1883 collationem
1476 1817 1808 1907 scripserat
1837 1817 2221 1907 Augustinus
2236 1865 2255 1901 ,
2276 1838 2438 1906 quae

513 1950 727 2001 tamen
754 1937 941 2026 periit
979 1935 1098 2025 (α).

602 2054 791 2118 Hunc
829 2056 1032 2119 virum
1069 2053 1138 2118 in
1161 2051 1346 2119 aedes
1377 2076 1585 2119 sacras
1610 2054 2081 2119 Donatistarum
2108 2051 2286 2117 duxit
2306 2052 2443 2117 Au-·

513 2172 814 2263 gustinus‚
836 2172 946 2259 ubi
967 2194 1322 2236 sermonem
1345 2173 1591 2255 habuit,
1623 2195 1753 2261 quo
1782 2172 1865 2255 ei,
1892 2188 1967 2237 ut
1994 2194 2139 2237 cum
2159 2171 2440 2237 Ecclesia
2542 2234 2555 2247 ,

519 2290 849 2355 Catholica
867 2290 936 2354 in
953 2290 1217 2380 gratiam
1235 2287 1472 2355 rediret
1485 2337 1504 2373 ,
1532 2289 1761 2355 frustra
1782 2288 2155 2379 persuadere
2179 2304 2441 2354 conatus

521 2422 636 2473 est.
728 2408 1064 2473 Recusavit
1105 2407 1497 2497 colloquium
1529 2410 1610 2474 ab
1652 2409 2006 2501 Augustino
2050 2409 2112 2475 ei
2152 2410 2413 2499 proposi
2426 2446 2443 2459 ·

517 2541 684 2608 tum,
719 2548 841 2592 nec
861 2525 1030 2592 aliud
1059 2525 1385 2617 respondit
1402 2576 1422 2611 ,
1470 2526 1592 2593 nisi
1620 2551 1688 2593 se
1714 2528 1780 2593 vi
1812 2526 2035 2593 cedere
2062 2525 2351 2593 debuisse
2374 2526 2445 2591 in

517 2644 857 2710 collatione
895 2646 1413 2736 Carthaginiensi.
1508 2645 1760 2732 Objecit
1804 2646 1864 2711 ei
1907 2646 2286 2737 Augustinus
2326 2668 2399 2710 ea
2418 2692 2438 2727 ,

515 2786 676 2852 quae
720 2788 759 2829 a
797 2763 1142 2828 Donatistis
1176 2764 1311 2852 pati
1351 2761 1701 2829 debuerant
1742 2764 2041 2852 Episcopi
2082 2762 2442 2828 Catholico-

512 2904 685 2964 rum,
763 2904 884 2945 nec
944 2881 1174 2945 oblitus
1231 2895 1326 2947 est
1396 2881 1746 2946 schismatis
1814 2880 2438 2945 Maximianistarum.

518 2996 694 3063 Haec
715 2998 1058 3063 memoriae
1083 2995 1344 3062 tradidit
1367 2997 1749 3087 Augustinus
1774 2998 2012 3085 scripto
2031 2990 2077 3078 ,'
2101 2997 2275 3080 cujus
2300 2995 2446 3058 titu-

515 3112 644 3177 lus:
670 3136 753 3177 mt
791 3135 999 3178 casus
1033 3136 1170 3185 cmc
1208 3136 1496 3179 suanno
1521 3162 1539 3197 ,
1570 3117 1639 3179 in
1678 3136 1808 3202 quo
1842 3115 2073 3177 iterum
2098 3113 2447 3178 Emeritum

521 3245 886 3318 ceterosque
907 3230 1268 3295 Donatistas
1293 3228 1372 3296 ad
1398 3231 1982 3296 reconciliationem
2004 3230 2293 3295 hortatur
2320 3228 2440 3319 (3).

607 3348 918 3412 Ultimum
943 3370 1102 3438 opus
1119 3395 1138 3430 ,
1179 3345 1352 3434 quod
1374 3347 1653 3437 scripsit,
1691 3363 1838 3412 sunt
1870 3371 2051 3411 mmu
2084 3348 2146 3410 11
2196 3368 2447 3412 conns

525 3488 970 3532 oaunnnnuu.
1062 3466 1187 3530 Hic
1213 3465 1383 3531 enim
1415 3465 1887 3531 Donatistarum
1910 3466 2257 3555 Episcopus
2282 3464 2446 3530 Tha-

527 3583 922 3675 mugadensis
935 3602 975 3667 ,·
1018 3584 1265 3674 scriptis
1301 3581 1384 3648 ad
1417 3582 1764 3648 Dulcitium
1807 3582 2173 3648 Praetorem
2208 3579 2449 3647 duabus

589 3838 666 3902 (l)
702 3841 791 3905 Ep.
837 3838 952 3891 185.
989 3840 1066 3893 Cf.
1103 3840 1330 3893 Reti-act.
1368 3838 1476 3889 Lib.
1512 3839 1566 3889 11
1600 3854 1651 3894 e.
1687 3836 1774 3891 48.

586 3922 666 3987 (2)
701 3927 914 3987 August.
948 3925 1173 3976 Reti-act.
1211 3923 1319 3973 Lib.
1356 3924 1409 3971 11
1443 3940 1494 3974 c.
1530 3920 1618 3973 46.

567 4004 669 4073 (3)
707 4006 878 4055 Sermo
917 4010 1080 4057 exstat
1109 4007 1161 4055 in
1193 4006 1440 4074 Operibus
1472 4008 1687 4072 August.
1722 4023 1771 4057 c·
1804 4008 2091 4059 Donatistas
2122 4006 2177 4057 1.
2202 4006 2269 4057 11
2284 4022 2339 4073 p.
2360 4004 2459 4055 41⁹

715 4104 822 4151 seq.
857 4088 983 4141 edit.
1021 4088 1206 4140 aenea.
