2917 4967
1353 387 1448 461 99

428 625 496 689 in
522 644 672 688 vera
697 620 980 686 Ecclesia
1005 619 1086 685 sit
1108 617 1568 685 administratus
1586 668 1605 702 ,
1653 624 1868 689 stricte
1902 626 2219 718 principio
2246 653 2362 695 suo

422 742 825 805 inhaerentes
845 787 864 821 ,
893 737 1284 827 baptismum.
1305 758 1439 809 non
1466 760 1599 803 esse
1631 740 1750 805 nisi
1782 741 1851 804 in
1883 764 2031 807 vera
2056 744 2357 813 Ecclesia.

431 858 599 922 Nam
660 878 911 938 omnes,
981 853 1065 919 ad
1091 854 1464 921 societatem
1486 878 1709 921 eorum
1734 857 2103 926 accedentes
2117 909 2137 944 ,
2185 864 2364 929 nullo

429 976 604 1041 facto
627 973 986 1040 discrimine
1000 1020 1020 1056 ‚
1047 973 1475 1062 baptizabant.
1530 975 1749 1039 Ritum
1772 976 1964 1042 etiam
1988 1002 2121 1045 non
2136 981 2366 1047 iterum

429 1094 506 1157 iis
531 1092 1092 1173 administrabant„
1121 1091 1229 1177 qui
1253 1091 1322 1155 in
1352 1093 1809 1157 communione
1836 1116 2059 1160 eorum
2086 1119 2125 1160 a
2150 1121 2372 1187 pecca-

431 1212 674 1278 toribus
707 1210 1042 1275 latentibus
1064 1256 1084 1292 ,
1133 1230 1404 1297 quorum
1435 1226 1440 1233 ·
1447 1225 1714 1299 peccata
1752 1227 1977 1300 postea
2019 1213 2368 1282 innotesce-

419 1330 592 1395 bant
611 1376 632 1411 ‚
686 1326 988 1417 baptizati
1037 1341 1216 1391 erant
1258 1323 1384 1415 (1);
1441 1341 1631 1413 atque
1682 1328 2065 1417 baptismum
2118 1330 2373 1419 quidem

431 1466 566 1511 non
607 1445 898 1511 amittere
929 1443 1288 1509 statuebant
1305 1490 1324 1525 ,
1373 1446 1483 1531 qui
1516 1442 1762 1509 recedit
1802 1468 1841 1511 a
1867 1468 2020 1511 vera
2046 1448 2330 1514 Ecclesia
2348 1499 2367 1532 ,

425 1565 527 1649 jus
571 1578 790 1629 tamen
839 1557 1034 1625 dandi
1079 1560 1368 1627 amittere
1409 1559 1527 1649 (2).
1635 1562 1835 1628 Recte
1872 1564 2065 1654 igitur
2106 1565 2373 1655 Optatus

433 1701 659 1745 corum
697 1692 978 1745 mentem
1027 1678 1324 1767 expressit
1339 1724 1362 1761 ,
1407 1676 1627 1743 dicens
1669 1678 1801 1768 (3):
1850 1682 1941 1747 »si
1982 1682 2277 1750 sacerdos
2303 1686 2373 1749 in

433 1811 707 1887 peccato
760 1798 843 1863 sit
859 1844 878 1879 ,
939 1796 1114 1863 solae
1169 1812 1430 1885 possunt
1486 1795 1666 1863 dotes
1702 1797 2023 1865 Ecclesiae
2062 1802 2371 1891 operari.'’

435 1913 653 1997 Quare
695 1936 1032 2005 perperam
1073 1936 1188 1981 eos
1217 1912 1503 1980 dicentes
1536 1915 1694 1985 facit
1718 1916 2099 2006 Augustinus
2130 1892 2403 2000 »Quum⁶

441 2034 718 2123 baptizat
736 2034 935 2099 homo
965 2035 1168 2119 justus
1191 2031 1555 2099 manifestus
1570 2078 1589 2115 ‚
1618 2033 1755 2123 ipse
1775 2032 2127 2101 sanctificat
2142 2083 2162 2119 ,
2192 2042 2385 2125 quum

443 2166 656 2217 autem
677 2150 954 2241 baptizat
974 2150 1174 2216 homo
1195 2150 1445 2240 iniquus
1466 2150 1827 2237 manifestus
1841 2200 1861 2236 ‚
1886 2167 2041 2219 tunc
2064 2176 2195 2219 non
2218 2156 2376 2244 ipse,

435 2266 552 2333 sed
575 2267 746 2333 Deus
771 2265 1182 2333 sanctificat.”

531 2383 806 2449 Omnem
832 2382 1388 2473 argumentationis
1415 2404 1565 2447 suae
1589 2384 1719 2447 vim
1740 2386 1810 2447 in
1818 2385 2102 2473 plenarii
2130 2388 2384 2453 concilii

437 2500 688 2567 decreto
735 2500 924 2588 ponit
975 2498 1394 2589 Augustinus3
1455 2514 1522 2563 at
1570 2521 1725 2565 vero
1772 2499 1937 2565 illud
1990 2502 2051 2567 ei
2088 2525 2221 2568 non
2261 2505 2381 2571 nisi

441 2640 740 2683 mancum
781 2617 1050 2706 praebet
1085 2630 1523 2706 argumentum
1543 2664 1564 2700 ,
1614 2638 1763 2683 cum
1798 2640 1931 2683 non
1970 2617 2053 2685 ad
2092 2622 2378 2686 omnium

441 2737 909 2809 haereticorum
929 2714 1311 2823 baptismum
1331 2730 1661 2800 decretum
1683 2732 1844 2801 illud
1858 2758 1927 2801 se
1946 2736 2243 2803 extendat
2254 2737 2370 2825 (4).

442 2852 568 2918 vel
607 2852 700 2917 sic
732 2866 948 2917 tamen
979 2851 1146 2917 bene
1183 2864 1410 2917 contra
1448 2850 1813 2917 Donatistas
1826 2898 1845 2933 ,
1896 2854 2131 2943 quippe
2170 2855 2279 2941 qui
2308 2878 2377 2921 se

439 2968 614 3035 solos
637 2967 988 3034 Ecclesiam
1011 2967 1244 3032 Christi
1265 2966 1520 3035 efficere
1537 2969 1935 3054 jactitabant,
1968 2984 2171 3035 tenet:
2198 2987 2377 3037 extra

443 3106 662 3155 veram
685 3084 1037 3151 Ecclesiam
1059 3063 1276 3151 adesse
1299 3106 1486 3175 posse
1505 3085 1904 3174 baptismum.
1998 3086 2135 3151 Nec
2158 3102 2374 3153 tamen

442 3202 839 3294 probandus,
887 3218 1064 3269 ema
1097 3202 1446 3270 Ecclesiam
1485 3202 1879 3269 Catholicam
1916 3203 2127 3269 fluctu
2159 3226 2377 3271 carere

437 3322 738 3412 baptismi
774 3322 968 3389 ritum
985 3368 1006 3404 ,
1052 3321 1411 3412 perhibens.

501 3644 584 3715 (1)
613 3648 798 3699 latum
833 3649 890 3696 et
917 3660 1091 3697 verum
1126 3662 1236 3698 csse
1276 3647 1613 3714 baptismum,
1651 3646 1778 3699 dicit
1810 3648 2151 3713 Augustinus,
2188 3648 2388 3713 quando

626 3728 852 3796 baptizat
893 3730 1028 3797 apud
1068 3744 1156 3781 eo·
1192 3730 1374 3793 aliqui·
1409 3731 1738 3790 criminosus,
1779 3732 1926 3795 cuju·
1962 3730 2169 3783 crimina
2204 3731 2385 3782 latent.

515 3896 597 3962 (2)
629 3814 723 3947 ἐξ.
748 3813 954 3948 nexunt.
997 3910 1047 3948 c.
1089 3897 1320 3947 Pei-men.
1357 3893 1467 3946 tib.
1508 3894 1580 3945 11.
1619 3894 1643 3961 ς
1679 3894 1765 3943 28.
1894 3964 1897 3971 Ι

507 3981 587 4047 (8)
622 3980 678 4031 1..
712 3995 762 4032 c.
792 3979 901 4032 Lib.
941 3978 1019 4035 11.
1050 3994 1099 4032 c.
1136 3979 1192 4030 9.

511 4064 591 4131 (4)
625 4064 704 4117 Cf.
741 4078 924 4117 witon.
967 4062 1002 4111 l.
1039 4078 1087 4111 c.
1119 4062 1177 4114 T.
1211 4060 1298 4112 IV.
1333 4076 1387 4128 p.
1427 4058 1530 4109 313
1567 4074 1674 4122 neq.
