2917 4967
1360 367 1454 441 73

461 608 652 674 etiam
684 620 856 671 extra
878 626 1018 670 eam
1040 601 1251 669 adesse
1283 616 1348 669 et
1372 602 1575 693 accipi
1600 622 1818 693 posse,
1852 600 2151 670 defendit.
2219 606 2373 697 Bap-

457 725 624 790 tismi
663 724 831 791 enim
879 719 1483 787 administrationem
1525 742 1657 786 non
1688 718 1965 811 pendere
1979 769 1998 805 ,
2048 720 2201 789 dicit
2216 770 2235 807 ,
2297 725 2377 791 ab

461 841 926 907 administrante
943 887 962 923 ,
1010 838 1122 905 sed
1151 840 1230 905 ab
1262 862 1342 906 eo
1361 887 1379 923 ,
1428 863 1510 905 an
1538 839 1796 906 nomine
1829 840 2148 906 Trinitatis
2180 840 2379 907 factus

457 962 558 1025 sit.
651 960 794 1023 Hoc
814 958 866 1023 si
895 957 1110 1023 locum
1134 958 1378 1023 obtinet
1396 1003 1415 1039 ,
1462 956 1741 1047 legitime
1775 956 2043 1023 traditur
2073 973 2247 1024 extra
2266 960 2382 1025 Ec-

459 1076 708 1141 clesiam
725 1123 743 1159 ,
793 1098 913 1151 nec
947 1073 1320 1164 repetendus
1355 1090 1448 1139 est
1467 1121 1485 1157 ,
1534 1074 1585 1139 si
1624 1072 1705 1139 ad
1734 1074 2081 1140 Ecclesiam
2112 1075 2383 1141 Catholi-

459 1218 600 1261 cam
625 1194 872 1262 accedit
904 1211 1077 1261 extra
1105 1216 1246 1259 eam
1269 1195 1637 1283 baptizatus.
1728 1195 1817 1259 At
1840 1217 1991 1259 vero
2021 1210 2208 1285 negat
2236 1217 2383 1261 eum

458 1336 596 1378 cum
637 1314 869 1402 fructu
915 1312 1005 1377 ibi
1057 1310 1475 1377 administrari
1491 1358 1509 1394 ,
1560 1312 1793 1401 quippe
1845 1328 2017 1377 extra
2064 1304 2384 1377 Ecclesiae

453 1431 782 1496 unitatem.
875 1428 1178 1493 Fructum
1204 1443 1338 1493 tum
1368 1426 1624 1497 demum
1653 1430 1883 1495 habere
1900 1476 1919 1511 ‚
1957 1428 2009 1494 si
2034 1429 2384 1497 haereticus

455 1546 556 1611 vel
591 1546 1018 1611 schismaticus
1063 1543 1144 1609 ad
1177 1545 1348 1609 illam
1377 1546 1682 1611 unitatem
1712 1547 1941 1612 veniat.
1968 1584 2055 1597 —
2088 1546 2263 1611 Haec
2291 1568 2385 1611 re—

453 1686 598 1729 rum
626 1663 842 1753 capita·
862 1685 1034 1727 nunc
1066 1660 1446 1727 enucleatius
1478 1685 1857 1751 exponemus
1894 1661 2013 1752 (1).

542 1781 826 1846 Diximus
841 1829 860 1864 ,
913 1778 1331 1871 Augustinum
1371 1780 1717 1847 Donatistis
1757 1781 2110 1845 consentire
2143 1781 2213 1845 in
2259 1802 2338 1847 eo
2358 1828 2377 1865 ,

453 1923 648 1965 unum
663 1922 794 1965 esse
819 1899 1196 1989 baptismum
1214 1945 1232 1981 ,
1270 1898 1348 1963 ab
1375 1898 1451 1963 iis
1482 1921 1634 1963 vero
1663 1897 1987 1965 dissentire
2005 1945 2024 1981 ,
2057 1896 2232 1986 quod
2253 1920 2386 1965 non

455 2015 536 2081 ad
559 2040 748 2083 unam
767 2039 980 2083 veram
1002 2016 1346 2083 Ecclesiam
1371 2038 1515 2081 eum
1536 2014 1898 2107 adstringat.
1948 2016 2159 2106 Ipsum
2176 2014 2384 2083 audia-

453 2158 592 2201 mus
611 2135 1048 2227 Augustinum.
1142 2136 1259 2199 »Et
1289 2134 1462 2218 nos”,
1492 2135 1731 2223 inquit,
1780 2158 2008 2199 »unum
2027 2135 2337 2224 baptisma
2358 2182 2379 2219 ,

455 2252 627 2341 quod
658 2270 750 2319 est
775 2254 842 2317 in
868 2252 1100 2318 Sancta
1124 2252 1404 2317 Ecclesia
1423 2299 1442 2334 ‚
1480 2252 1813 2319 credimus.
1865 2252 1932 2316 Si
1967 2253 2135 2317 enim
2170 2249 2249 2318 de
2280 2275 2384 2318 me

451 2370 694 2461 singula
719 2385 1166 2458 quaererentur
1189 2416 1206 2451 ‚
1246 2384 1456 2432 utrum
1484 2384 1643 2433 esset
1668 2392 1862 2433 unum
1885 2370 2231 2457 baptisma:
2262 2390 2385 2433 res-

451 2485 801 2577 ponderem
835 2508 1028 2551 unum
1060 2507 1212 2550 esse.
1305 2482 1555 2550 Deinde
1585 2485 1637 2549 si
1672 2476 2094 2574 interrogarer
2107 2530 2125 2566 ,
2174 2498 2385 2549 utrum

451 2604 580 2669 hoc
625 2618 785 2669 esset
825 2602 894 2667 in
947 2602 1230 2667 Ecclesia
1276 2616 1526 2667 sancta:
1575 2598 2023 2690 responderem
2064 2602 2189 2666 hoc
2222 2622 2377 2667 esse.

452 2721 670 2786 Tertio
699 2720 750 2785 si
783 2735 1186 2809 quaereretur
1209 2767 1227 2803 ,
1276 2734 1489 2785 utrum
1520 2720 1645 2785 hoc
1676 2719 1985 2808 baptisma
2016 2716 2377 2785 crederem:

451 2836 900 2927 responderem
949 2838 1038 2902 ita
1083 2860 1185 2903 me
1229 2836 1530 2903 credere:
1581 2857 1656 2901 ac
1696 2858 1812 2925 per
1853 2837 1979 2901 hoc
2008 2858 2203 2901 unum
2233 2837 2381 2927 bap-

453 2956 660 3038 tisma,
697 2952 870 3043 quod
901 2968 994 3020 est
1022 2956 1090 3017 in
1115 2952 1396 3019 Ecclesia
1427 2968 1667 3037 sancta,
1704 2976 1807 3018 me
1840 2950 2097 3019 credere
2128 2976 2383 3043 respon-

449 3072 689 3139 derem.
784 3072 850 3136 Si
885 3087 1094 3137 autem
1135 3086 1535 3161 quaereretur
1556 3118 1575 3154 ,
1622 3085 1833 3136 utrum
1879 3070 1947 3133 in
1994 3072 2131 3137 sola
2165 3085 2381 3138 sancta

451 3207 611 3255 esset
636 3190 916 3255 Ecclesia
938 3237 957 3273 ,
1007 3206 1072 3255 et
1098 3188 1264 3279 apud
1287 3189 1637 3255 haereticos
1667 3188 1766 3253 vel
1790 3188 2219 3253 schismaticos
2246 3212 2379 3255 non

451 3321 640 3373 esset:
691 3330 822 3373 non
855 3330 958 3371 me
983 3308 1073 3372 ita
1107 3304 1362 3372 credere
1389 3328 1538 3371 cum
1570 3320 1705 3370 tota
1736 3304 2018 3372 Ecclesia
2045 3303 2380 3397 responde—

443 3600 460 3620 ,
507 3549 590 3619 (1)
619 3549 782 3601 Aliter
814 3550 1102 3602 Donatistas
1132 3549 1404 3601 debellavit
1435 3564 1674 3601 enatus.
1729 3546 1824 3599 Ille
1855 3547 2109 3599 retinebat
2138 3549 2389 3602 Ecclesiae

631 3635 900 3687 Ati-ioanae
928 3634 1247 3700 opinionem,
1287 3632 1603 3697 illegitimum
1641 3646 1749 3687 esse
1782 3630 2087 3698 baptismum
2105 3632 2397 3686 haeretico·‘

633 3734 775 3783 rum3
809 3721 861 3769 at
893 3733 1010 3769 vero
1046 3716 1377 3778 ostendebat,
1415 3732 1521 3767 non
1559 3715 1875 3779 illegitimum
1914 3729 2021 3767 esse
2048 3714 2348 3783 baptismum
2366 3752 2383 3781 ,

629 3803 734 3854 sive
786 3802 1160 3853 Donatistarum
1179 3836 1195 3865 ‚
1251 3802 1354 3853 sive
1407 3802 1809 3863 catholicorum,
1861 3816 1975 3851 oum
2027 3806 2241 3867 utraque
2274 3818 2405 3869 pars.

631 3885 853 3938 eamdem
888 3888 1058 3937 teneat
1091 3885 1238 3937 fldem
1256 3920 1272 3949 ‚
1293 3889 1446 3951 atque
1479 3886 1781 3953 baptismum
1807 3887 2011 3937 nomine
2026 3887 2285 3939 Trinitatis
2298 3888 2389 3939 ad·

629 3969 902 4021 ministret.
969 3968 1130 4033 Quare
1176 3973 1442 4035 peecatum
1494 3968 1797 4021 censendum
1848 3985 1989 4031 esse,
2044 3971 2089 4022 si
2131 3974 2387 4037 repetatur

630 4050 925 4119 baptismus.
1001 4050 1087 4104 Cf.
1117 4054 1254 4120 Opus
1287 4054 1380 4105 eit.
1418 4054 1527 4109 Lib.
1568 4055 1629 4105 V.
1669 4071 1717 4107 ο.
1760 4052 1843 4107 1⁴.
