2917 4967
1554 360 1651 434 78

639 594 742 663 vel
799 593 982 663 unius
1035 592 1336 687 Episcopi
1393 596 1785 677 auctoritati,
1832 594 1939 661 vel
1980 597 2165 689 unius
2202 598 2563 687 provinciae

643 714 921 781 concilio
965 711 1443 803 praeferendum
1485 728 1579 777 est
1597 712 1664 776 ?’'
1692 712 1785 802 (ι)
1870 714 2019 781 Non
2054 714 2301 783 dubitat
2331 718 2565 809 Augus·

640 834 806 901 tinus
831 880 852 915 ,
896 832 1048 919 quin
1093 830 1467 897 sententiam
1504 852 1681 895 suam
1712 848 2153 899 commutasset
2174 835 2521 924 Cyprianus
2538 884 2559 919 ,

641 950 696 1019 si
733 951 888 1038 ⁸quis
943 950 1002 1015 ei
1055 944 1260 1013 valida
1295 963 1665 1039 argumenta
1706 950 2085 1015 obmovisset
2112 950 2230 1041 (2).
2322 955 2565 1019 Bonam

641 1092 794 1135 vero
835 1090 910 1133 ea
945 1064 1027 1133 de
1063 1089 1134 1131 re
1179 1064 1491 1131 sentiendi
1515 1067 1825 1133 rationem
1848 1068 1909 1132 ei
1938 1091 2071 1133 non
2087 1042 2412 1157 'aperuisse
2438 1072 2569 1135 Do-

643 1187 916 1269 minum,
945 1184 1066 1249 ait:
1097 1199 1203 1250 »ut
1221 1188 1351 1271 ejus
1375 1185 1515 1273 pia,
1548 1200 1613 1249 et
1626 1186 1975 1268 humilitas,
2004 1201 2071 1251 et
2088 1187 2310 1251 caritas
2340 1188 2407 1252 in
2432 1210 2571 1253 cus-

643 1300 942 1369 todienda
987 1301 1318 1367 salubriter
1355 1302 1677 1367 Ecclesiae
1722 1324 1881 1391 pace
1916 1318 2295 1393 patesceret,
2338 1319 2404 1369 et
2432 1326 2569 1369 non

643 1420 849 1487 solum
881 1420 1050 1485 illius
1075 1421 1381 1511 temporis
1408 1420 1771 1485 Christianis
1785 1469 1802 1504 ‚
1832 1418 1946 1485 sed
1974 1421 2168 1503 etiam
2194 1422 2458 1510 posteris
2486 1418 2573 1485 ad

645 1535 1089 1605 medicinalem
1106 1584 1127 1619 ,
1159 1553 1233 1602 ut
1255 1537 1345 1601 ita
1379 1534 1589 1601 dicam
1603 1584 1621 1620 ,
1650 1536 1942 1603 notitiam
1971 1537 2314 1626 signaretur
2340 1536 2493 1626 (3).”

729 1652 1034 1737 Quamvis
1061 1670 1271 1721 autem
1303 1670 1481 1719 extra
1502 1654 1850 1719 Ecclesiam
1880 1654 2260 1742 baptismum
2290 1650 2577 1719 adminis-

643 1773 798 1839 trati
825 1795 1010 1861 posse
1033 1772 1364 1861 perhibeat
1389 1770 1771 1862 Augustinus
1785 1819 1804 1855 ,
1833 1787 2021 1863 negat
2044 1788 2257 1839 tamen
2296 1772 2387 1837 ibi
2430 1796 2569 1837 cum

619 1891 850 1979 fructu
873 1888 1034 1955 fieri.
2202 1890 2217 1899 '

735 2005 1080 2089 Quomodo
1101 2022 1437 2094 utrumque
1449 2005 1639 2071 simul
1656 2028 1876 2071 verum
1900 2029 2033 2071 esse
2048 2009 2271 2095 possit,
2298 2008 2579 2072 similitu*-

651 2124 799 2193 dine
835 2149 880 2190 e
928 2147 998 2189 re
1045 2122 1302 2188 militari
1335 2123 1534 2213 petita
1584 2123 1869 2188 illusa-at.
1922 2124 2283 2189 »Intueatur
2312 2124 2497 2214 (quis)
2515 2126 2571 2208 ‚⁹⁹

647 2244 884 2332 inquit,
919 2239 1429 2307 ‚similitudinem
1464 2255 1655 2305 notae
1685 2240 1970 2305 militaris
1987 2289 2006 2324 ‚
2041 2242 2187 2329 quia
2216 2258 2390 2307 extra
2414 2244 2579 2307 mili-

649 2362 808 2425 tiam
859 2382 898 2425 a
948 2357 1366 2424 desertoribus
1417 2372 1485 2423 et
1530 2357 1782 2440 haberi,
1830 2372 1895 2423 et
1946 2359 2147 2449 accipi
2182 2374 2427 2447 potest3
2464 2357 2609 2425 sed.

651 2494 866 2543 tamen
895 2491 1070 2542 extra
1093 2475 1381 2541 militiam
1410 2498 1531 2541 nec
1558 2474 1849 2541 habenda
1862 2523 1880 2558 ,
1906 2498 2027 2549 nec
2050 2475 2417 2566 accipienda
2444 2494 2573 2561 est,

655 2610 723 2663 et
761 2593 1028 2661 reducto
1053 2593 1154 2659 vel
1177 2591 1489 2683 perducto
1516 2590 1597 2657 ad
1628 2592 1917 2658 militiam
1940 2615 2059 2659 nec
2084 2594 2385 2660 mutanda
2398 2644 2415 2679 ‚
2458 2618 2580 2661 nec

656 2709 943 2778 iteranda
993 2726 1087 2776 est
1118 2706 1271 2799 (4).’'
1388 2710 1794 2799 Comparatio
1847 2712 2037 2775 etiam
2081 2712 2397 2777 Ecclesiae
2429 2734 2580 2777 cum

657 2827 948 2917 paradiso
1004 2850 1122 2893 nos
1177 2825 1369 2908 docet
1384 2874 1403 2909 ‚
1445 2828 1823 2917 baptismum
1870 2830 2074 2918 accipi
2114 2828 2370 2916 quidem
2401 2852 2585 2919 posse

662 2960 838 3013 extra
846 2945 1194 3011 Ecclesiam
1207 2992 1226 3028 ,
1253 2946 1346 3009 ibi
1369 2968 1521 3010 vero
1546 2946 1761 3011 salutis
1780 2968 1911 3011 non
1926 2947 2261 3037 participes
2281 2947 2416 3015 fieri
2432 2949 2583 3037 bap-

661 3062 904 3127 tizatos.
995 3060 1286 3127 Flumina
1315 3063 1487 3127 enim
1516 3062 1787 3152 paradisi
1814 3064 2001 3129 etiam
2030 3063 2198 3129 foras
2222 3080 2578 3145 manarunt,

662 3200 796 3243 non
841 3166 1186 3245 tamen⁴⁸ibi
1213 3179 1378 3243 vitae
1408 3179 1734 3246 beatitudo
1774 3181 1959 3247 fuisse
1988 3182 2215 3273 legitur
2228 3230 2248 3266 ,
2298 3182 2493 3271 qualis
2516 3183 2585 3247 in

667 3293 981 3385 paradiso.
1073 3296 1166 3359 Ea
1219 3318 1351 3359 non
1393 3296 1513 3361 nisi
1550 3297 1717 3363 intra
1762 3321 1907 3363 eum
1930 3298 2071 3366 fuit.
2162 3300 2306 3365 ..sic
2358 3322 2511 3391 ergo
2528 3300 2583 3383 ‚⁹⁹

669 3414 904 3502 inquit,
957 3413 1336 3502 »baptismus
1387 3414 1705 3481 Ecclesiae
1755 3432 1965 3505 potest
2004 3441 2135 3484 esse
2178 3434 2350 3485 extra
2374 3417 2587 3483 Eccle-

736 3785 816 3850 (1)
850 3782 982 3835 md.
1019 3780 1126 3832 tib.
1163 3781 1232 3829 11.
1271 3778 1294 3845 5
1332 3780 1385 3829 2.

737 3869 816 3931 (2)
850 3865 982 3918 uad.
1012 3864 1119 3915 mh.
1152 3864 1224 3914 11.
1255 3862 1278 3929 5
1313 3863 1375 3923 s,
1411 3864 1494 3913 13.

741 3951 824 4015 (3)
861 3948 991 4001 lhid.
1024 3947 1131 3999 Lib.
1167 3948 1213 3998 1.
1253 3948 1276 4013 5
1314 3948 1400 3996 28.
1435 3948 1513 3998 cs.
1553 3946 1659 3999 tib.
1696 3948 1748 3995 11
1783 3948 1806 4012 5
1846 3947 1900 3998 s.

741 4034 824 4099 (4)
864 4031 994 4083 nm.
1027 4030 1142 4084 Lib.
1177 4032 1219 4083 1.
1255 4030 1280 4097 5
1317 4032 1369 4079 s.
