2917 4967
1326 425 1420 502 37

357 677 362 695 ⁴
403 661 738 726 militum'
719 684 788 725 ιιι
843 660 1058 726 Africa
1071 707 1091 744 ‚
1164 661 1534 729 Donatistae
1606 662 1819 731 omnia
1886 664 2052 731 mala
2066 714 2086 750 ‚
2165 690 2323 756 quae

405 778 753 860 subierant,
773 778 922 845 huic
949 801 1081 845 esse
1103 754 1440 881 tribuenda
1453 828 1473 864 ,
1512 804 1631 846 nec
1663 780 2115 891 Imperatorem
2142 785 2323 872 quid-

407 908 598 983 quam
615 894 745 959 de‘'
703 918 778 959 ns
795 895 1064 976 novisse,
1095 895 1544 997 existimarunt.
1570 878 1915 987 Epistulam
1930 901 2120 964 etiam
2132 900 2323 966 liber-

402 1014 546 1077 tatis
558 1013 1056 1102 ‚Imperatoriae
1080 1014 1198 1076 sibi
1222 1028 1368 1078 ante
1391 1015 1613 1080 missae
1638 1015 2024 1103 oppositam,
2054 1018 2327 1106 Impera-

403 1131 558 1194 toris
600 1131 856 1194 nomine
891 1128 1205 1194 finxerunt
1221 1177 1240 1213 ‚
1291 1139 1479 1217 atque
1521 1128 1602 1195 de
1640 1153 1811 1196 novo
1858 1133 1927 1195 in
1970 1133 2329 1199 catholicos

403 1248 640 1313 saevire
683 1263 1031 1336 coeperunt
1069 1245 1095 1335 (
1104 1247 1187 1337 1).
1267 1246 1615 1336 Propterea
1644 1247 1902 1337 Synodo
1919 1299 1938 1332 ‚
1984 1274 2150 1315 anno
2198 1252 2329 1331 408
2420 1294 2429 1301 -

405 1364 778 1454 Carthagine
802 1364 1052 1447 habita,
1087 1361 1414 1428 decretum
1437 1364 1559 1427 fuit
1573 1411 1591 1446 ,
1627 1380 1697 1427 ut
1720 1366 1952 1455 legatio
1971 1368 2320 1432 mitteretur

410 1480 491 1545 ad
518 1482 975 1571 Imperatorem
993 1528 1013 1564 ,
1052 1503 1178 1569 qua
1199 1483 1323 1545 hac
1354 1479 1434 1545 de
1462 1504 1535 1545 re
1567 1482 1801 1546 certior
1824 1472 2023 1551 fieret.

493 1599 580 1662 At
603 1599 982 1689 Augustinus
1000 1598 1294 1687 privatim
1314 1598 1503 1661 etiam
1528 1596 1760 1684 aliquid
1782 1598 1953 1665 fecit.
1984 1602 2330 1688 Epistolam

405 1716 651 1805 scripsit
675 1714 756 1780 ad
777 1698 1140 1803 Olympium
1157 1762 1176 1797 ,
1213 1737 1319 1802 qui
1301 1712 1621 1778 Stiliconi
1646 1718 2025 1781 successerat
2046 1765 2065 1801 ‚
2098 1740 2223 1805 qua
2246 1719 2329 1783 ab

408 1840 488 1897 'eo
513 1833 702 1922 petit,
741 1848 814 1897 ut
849 1833 1202 1943 Imperator
1225 1846 1504 1895 mentem
1546 1818 1733 1899 suam
1770 1830 1851 1897 de
1883 1833 2055 1897 hisce
2090 1833 2328 1925 legibus

407 1948 766 2013 enunciaret
781 1947 899 2038 (2).
933 1948 1174 2013 Eodem
1193 1971 1357 2012 anno
1375 1948 1543 2039 leges
1562 1952 1694 2013 non
1710 1949 1912 2013 solum
1934 1942 2331 2015 confirmavit

402 2065 753 2156 Imperator
767 2114 786 2149 ,
821 2065 933 2131 sed
957 2068 1146 2132 etiam
1161 2115 1180 2151 ‚
1219 2080 1290 2130 ut
1321 2088 1434 2130 eae
1467 2066 1599 2129 vim
1634 2052 1996 2132 exercerent
2010 2114 2029 2150 ‚
2056 2058 2255 2152 jussit.
2319 2087 2324 2094 ·

487 2185 647 2249 Cum
676 2186 867 2274 igitur
902 2184 1304 2273 Imperatoris
1335 2205 1514 2248 mens
1539 2182 1891 2274 Augustino
1919 2184 2287 2249 innotuisset
2303 2232 2323 2266 ,

403 2300 486 2366 ad
532 2303 853 2366 Donatum
871 2348 890 2384 ,
947 2284 1401 2372 Proconsulem
1435 2298 1688 2363 Africae
1705 2346 1724 2381 ,
1769 2301 2099 2388 epistolam
2128 2297 2323 2390 scrip-

402 2418 514 2499 sit,
548 2416 710 2505 quae
741 2415 932 2481 docet
945 2464 964 2497 ,
996 2416 1410 2505 Augustinum
1425 2459 1444 2495 ,
1475 2435 1649 2476 secus
1682 2436 1757 2477 ac
1782 2413 2017 2477 turbidi
2045 2415 2286 2491 zelotae
2299 2463 2321 2493 ‚

367 2534 865 2625 'persecutiones
911 2531 1174 2596 consilio
1217 2529 1577 2595 instituisse.
1661 2528 1851 2591 Petiit
1890 2529 2057 2592 enim
2100 2551 2139 2591 a
2177 2528 2329 2593 Pro-

403 2650 696 2731 consule,
724 2665 796 2713 ut
821 2650 1018 2730 omni,
1051 2671 1177 2757 quo
1202 2661 1446 2737 posset,
1477 2644 1674 2709 modo
1688 2691 1707 2727 ,
1738 2645 1907 2734 leges
1928 2645 2327 2733 Imperatoris

400 2766 648 2831 leniret.
741 2765 937 2852 Atqui
974 2764 1138 2829 hie*
1120 2786 1253 2852 ipse
1289 2776 1462 2827 erat
1443 2809 1464 2845 ,
1498 2762 1606 2850 qui
1637 2784 1881 2827 severas
1907 2785 2025 2850 per
2045 2762 2324 2853 Olympi-

401 2906 512 2948 um
536 2883 706 2973 leges
738 2880 1186 2972 efflagitaverat
1223 2879 1343 2969 (3).

407 3021 416 3030 ·
489 2998 622 3063 Has
671 3021 824 3063 vero
881 2998 1049 3089 leges
1089 3019 1254 3061 anno
1288 2997 1575 3084 410'1pse
1608 2996 1937 3087 abrogavit
1959 2996 2317 3081 Honorius,

402 3131 716 3199 metuens,
751 3138 834 3181 ne
859 3105 1384 3204 propter'Alarici
1407 3113 1799 3178 invasionem
1827 3115 2141 3189 amitteret
2154 3116 2321 3181 Afri-

405 3254 545 3299 cam
562 3281 582 3317 ,
617 3234 1032 3320 omnibusque
1066 3232 1135 3295 in
1161 3231 1377 3317 Africa
1399 3231 1582 3296 sectis
1610 3231 1903 3319 aequalia·
1914 3235 2056 3320 jura
2080 3233 2323 3300 tribuit.

401 3350 754 3440 Flagitante
785 3351 999 3414 tamen
1033 3346 1290 3439 Synodo
1306 3396 1325 3430 ‚
1369 3348 1743 3437 Carthagine
1772 3349 1988 3412 habita
2002 3396 2020 3430 ,
2057 3350 2326 3413 restituit

397 3466 605 3557 legem
621 3514 640 3550 ‚
677 3490 803 3555 qua
832 3466 1136 3531 haeretici
1153 3512 1172 3548 ,
1207 3466 1314 3553 qui
1345 3464 1599 3555 publice
1632 3465 2067 3531 convenissent
2080 3511 2099 3547 ,
2138 3465 2323 3530 exilio

400 3584 503 3649 vel
530 3600 738 3665 morte
764 3585 1139 3673 punirentur
1167 3581 1286 3672 (4).
2350 3565 2355 3573 ⁸

459 3833 540 3898 (l)
573 3834 787 3899 August.
822 3834 1073 3900 ΕΡ.105.

460 3917 542 3983 (2)
575 3918 666 3983 ΕΡ.
706 3914 794 3967 97.

459 4002 541 4066 (3)
575 4002 667 4067 ΕΡ.
708 3999 835 4051 100.

459 4084 548 4199 (εί)ι
573 4085 672 4136 Cf.
687 4082 966 4152 Appendix.
1004 4086 1130 4151 οΡΡ.
1168 4085 1381 4149 August.
1419 4086 1475 4135 Τ.
1504 4085 1581 4134 1x
1615 4101 1671 4151 Ρ.
1707 4086 1794 4134 38.
