2917 4967
1331 414 1434 484 85·

395 646 614 710 »Iubet
657 646 840 710 nobis
853 644 909 727 ,”
967 645 1173 731 inquit
1190 692 1208 726 ,
1265 644 1609 709 »Dominus
1656 645 1963 709 Christus:
2022 670 2161 710 cum
2210 670 2313 713 vos

375 769 692 852 persecuti
725 762 984 851 fuerint
1021 762 1300 825 homines
1365 770 1432 825 ἰη
1474 769 1719 825 civitate
1772 770 1893 826 ista
1908 810 1928 843 ,
1972 764 2191 851 fugite
2244 774 2311 828 in

393 880 656 943 alteram
674 903 698 942 .·
762 878 932 968 quod
975 886 1034 941 si
1085 887 1170 945 in,
1205 902 1281 941 ea
1334 901 1439 943 vos
1478 892 1949 967 persequentur,
1982 880 2213 967 fiegite,
2245 889 2314 944 in

389 996 580 1059 aliam
593 1018 616 1058 .·
634 995 674 1023 ''
717 1010 902 1082 atque
947 993 1096 1059 inde
1136 1017 1322 1081 quam
1364 994 1673 1059 nefarium
1710 997 1792 1059 sit
1815 995 2043 1059 Christi
2070 1020 2305 1061 nomen

385 1113 708 1202 profitenti
751 1111 1252 1201 persecutionem
1304 1110 1535 1175 inferre
1551 1159 1569 1193 ,
1619 1113 1930 1177 rationem
1962 1113 2307 1180 concludit.

387 1229 490 1293 ‚si
548 1228 628 1294 de
679 1227 928 1293 Iudaeis
985 1244 1048 1292 et
1085 1229 1344 1317 paganis
1377 1229 1562 1292 nobis
1602 1244 2005 1317 praemonet,
2054 1244 2160 1311 tu,
2207 1232 2313 1317 qui

387 1346 804 1410 Christianum
829 1360 894 1409 te
925 1365 1238 1409 memoras
1257 1392 1276 1427 ,
1327 1343 1464 1409 dira
1494 1345 1663 1410 facta
1688 1346 2013 1435 gentilium
2043 1369 2176 1411 non
2201 1345 2309 1414 de·

263 1538 270 1549 q
383 1462 494 1527 bes
532 1464 788 1526 imitari.
894 1463 998 1524 An
1041 1462 1131 1525 sic
1178 1462 1319 1525 Deo
1357 1461 1629 1543 servitis,
1668 1476 1741 1525 ut
1769 1463 1985 1525 vestris
2028 1464 2312 1527 manibus

390 1576 806 1641 occidamur?
889 1578 1126 1640 Erratis
1145 1624 1163 1658 ,
1203 1578 1421 1641 erratis
1445 1624 1464 1658 ,
1513 1578 1566 1639 si
1609 1577 1736 1641 hoc
1790 1574 2043 1641 creditis
2076 1580 2308 1643 miseri.

381 1692 546 1757 Nam
579 1715 709 1756 non
733 1692 926 1756 hahet
958 1693 1126 1757 Deus
1160 1672 1483 1757 carnifices
1515 1691 1870 1757 sacerdotes
1895 1691 2048 1781 (1).'’

467 1809 820 1873 Christiano
851 1832 983 1873 non
1009 1809 1204 1874 licere
1251 1810 1318 1874 in
1345 1809 1480 1873 aliis
1508 1808 1846 1899 perdendis
1869 1812 2099 1875 versari
2113 1860 2131 1894 ,
2166 1835 2310 1901 pro-

377 1928 490 1990 bat
540 1948 616 1990 ex
652 1940 995 2015 praecepto
1039 1927 1073 1989 J
1076 1948 1186 1991 esu
1222 1923 1302 1989 ad
1326 1925 1585 1991 Petrum
1603 1973 1622 2009 ,
1678 1950 1822 1991 cum
1855 1950 2070 1993 aurem
2093 1929 2307 1995 militis

377 2042 589 2134 gladio
641 2041 998 2107 abscidisset
1035 2042 1160 2132 (2);
1221 2044 1420 2108 immo
1485 2045 1675 2109 etiam
1732 2045 1897 2109 mala
1954 2046 2071 2109 sibi
2133 2047 2304 2111 illata

375 2161 652 2251 perpeti,
698 2162 925 2246 jubere
971 2161 1179 2227 Iesum
1218 2176 1404 2249 atque
1451 2161 1793 2250 Apostolos
1842 2160 2049 2249 (Matt.
2078 2162 2157 2228 V.
2195 2162 2299 2250 39.

379 2299 416 2339 2
445 2278 593 2343 Cor.
631 2277 747 2342 XI.
788 2277 898 2367 20)
925 2275 1040 2367 (3).

457 2393 548 2457 At
597 2415 751 2457 vero
777 2395 1280 2485 persecutionem
1310 2393 1548 2458 inferre
1592 2392 1952 2458 adversatur
1986 2397 2175 2460 etiam
2200 2418 2303 2459 eo-

369 2532 508 2574 rum
539 2509 844 2596 exemph.
935 2508 1036 2572 Illi
1069 2510 1387 2574 neminem
1416 2525 1681 2598 propter
1706 2512 1839 2595 ejus
1877 2508 1958 2574 de
1993 2511 2299 2601 religione

370 2623 677 2689 sentiendi
705 2625 1018 2690 rationem
1041 2625 1354 2713 persecuti
1377 2641 1523 2689 sunt
1542 2624 1656 2714 (4).
1723 2626 1882 2689 Cum
1908 2624 2077 2689 enim
2097 2626 2298 2715 Apos-

371 2742 489 2806 toli
521 2740 600 2805 de
628 2742 811 2807 sectis
837 2756 1196 2806 moererent
1227 2739 1420 2828 idque
1439 2742 1493 2803 ·J
1495 2765 1603 2807 esu
1635 2742 2081 2831 significassent
2108 2743 2289 2831 (Luc.

366 2860 480 2924 IX.
524 2856 632 2947 50)
645 2906 664 2939 ,
711 2855 818 2923 ille
885 2874 956 2922 ut
991 2873 1217 2923 notum
1250 2859 1488 2923 faceret
1503 2907 1522 2940 ,
1566 2882 1633 2923 se
1663 2859 1950 2922 homines
1990 2857 2071 2923 ad
2100 2858 2293 2925 fidem

365 2998 500 3041 non
524 2998 750 3065 cogere
764 3024 783 3057 ,
815 2991 880 3040 at
901 2976 1113 3063 potius
1135 2973 1401 3040 invitare
1419 3022 1437 3058 ,
1470 2974 1626 3039 dixit
1653 2975 1760 3039 iis:
1789 2978 2100 3040 Dimittite
2123 2977 2287 3060 ilhs,

363 3101 424 3156 si
454 3105 672 3157 contra
696 3115 800 3158 vos
826 3114 952 3156 non
975 3105 1154 3171 sunt,
1182 3115 1308 3180 pro
1340 3090 1512 3156 vobis
1534 3105 1687 3156 sunt
1704 3089 1819 3181 (ὅ).
1871 3090 2111 3156 Summi
2136 3117 2291 3159 vero

364 3210 662 3274 Doctoris
713 3208 908 3274 effato
961 3209 1272 3273 consentit
1316 3208 1547 3273 Paulus
1599 3208 1972 3298 Apostolus,
2040 3209 2295 3276 dicens:

371 3326 634 3415 Quoquo
659 3326 839 3390 modo
856 3325 1136 3391 Chri-ems
1151 3334 1558 3391 annuntietur
1571 3324 1676 3415 (ad
1696 3325 1929 3416 Philip.
1953 3327 2005 3395 1.
2042 3326 2143 3417 18)
2168 3327 2281 3415 (6).

418 3562 500 3633 (1)
532 3566 589 3617 C.
627 3565 733 3617 litt.
775 3564 929 3617 Petil.
965 3565 1076 3617 Lib.
1111 3566 1166 3616 11
1198 3566 1224 3632 ς
1262 3566 1352 3617 42.

424 3646 504 3713 (2)
537 3647 674 3698 Ibid.
711 3648 820 3699 Lib.
858 3648 911 3696 11
944 3647 969 3712 ς
1004 3648 1119 3699 194.

421 3732 501 3798 (3)
535 3731 667 3782 lbid.
701 3730 810 3785 Lib.
848 3731 902 3782 11
933 3730 957 3797 ς
994 3730 1116 3781 200.
1186 3725 1321 3779 Vide
1355 3732 1410 3776 et
1446 3727 1473 3793 ς
1514 3729 1631 3781 169.

416 3815 499 3885 (4)
530 3814 662 3866 lhid.
715 3812 825 3864 Lib.
876 3813 929 3862 11
979 3813 1018 3880 ς.
1043 3812 1132 3864 23.
1203 3828 1234 3859 2
1251 3812 1302 3861 Si
1334 3812 1566 3879 Apostoli
1603 3814 1856 3879 persecuti
1890 3817 2008 3865 tunt
2042 3814 2257 3879 aliquem
2274 3850 2290 3879 ,

539 3902 627 3949 aut
664 3898 885 3962 aliquem
923 3896 1131 3949 tradidit
1164 3895 1458 3949 Christus.”

421 3982 502 4048 (δ)
536 3980 666 4033 lbid.
708 3981 821 4034 Lib.
865 3982 918 4031 11
957 3981 983 4048 ς
1024 3978 1139 4031 177.

418 4066 498 4131 (6)
533 4064 662 4120 lbid.
703 4064 812 4120 Lib.
850 4065 904 4114 11
935 4064 961 4132 ς
1000 4062 1115 4117 179.
