2917 4967
1514 458 1637 527 24·

589 698 666 761 iis
677 716 808 760 non
819 694 1076 775 licebat,
1107 712 1251 755 cum
1265 712 1300 755 e
1317 688 1639 755 contrario
1650 700 1909 778 propter
1920 686 2227 753 nefarium
2242 689 2505 755 schisma

588 811 1054 903 persecutiones
1079 816 1461 897 paterentur.
1533 803 1732 869 Addit
1756 820 1963 869 autem
1980 796 2105 869 isit
2128 806 2215 871 ita
2229 854 2247 889 ‚
2283 806 2511 893 injuste

587 928 1052 1019 persecutiones
1081 945 1292 1013 passos
1325 946 1456 987 esse
1486 922 1843 987 Donatistas
1858 946 1891 1023 3.
1904 925 2133 1008 justam
2162 938 2333 989 certe
2360 946 2507 988 cau·

587 1070 722 1113 sam
749 1068 880 1111 non
909 1042 1204 1109 exstitisse
1224 1087 1243 1123 ‚
1277 1062 1388 1105 cur
1413 1061 1481 1103 se
1507 1040 1589 1104 ab
1616 1037 2233 1103 EcclesiaCatholiea
2258 1060 2505 1129 separa·

587 1164 829 1243 verint3
887 1183 1033 1226 nam
1083 1158 1390 1223 Dominus
1441 1156 1726 1246 exemplo
1763 1154 1953 1219 Iudae
1988 1154 2205 1221 docuit
2218 1204 2237 1239 ,
2276 1178 2505 1247 pravos

584 1276 948 1343 tolerandos
978 1298 1108 1341 esse
1135 1299 1172 1341 a
1198 1274 1405 1339 bonis.
1500 1272 1646 1337 Hoc
1680 1287 2111 1363 argumentum
2140 1272 2343 1338 movit
2372 1272 2505 1339 Do-

582 1396 871 1477 natistas,
921 1394 1026 1483 qui
1071 1390 1351 1457 aderant.
1441 1390 1696 1456 Frustra
1732 1389 1900 1453 enim
1942 1412 1981 1453 a
2020 1387 2327 1455 Fortunio
2374 1413 2503 1454 res-

579 1510 978 1603 pondebatur
992 1559 1011 1594 ,
1043 1508 1552 1575 communionem
1576 1530 1719 1571 cum
1738 1504 1895 1569 Iuda
1912 1504 2245 1571 Proditore
2270 1528 2502 1571 nocere

579 1654 712 1699 non
734 1630 1010 1720 potuisse
1035 1628 1356 1718 Apostolis
1369 1675 1388 1709 ‚
1421 1627 1653 1714 quippe
1679 1624 1787 1713 qui
1814 1622 2097 1687 nondum
2121 1624 2503 1712 baptismum

581 1762 978 1837 acceperant.
1071 1746 1194 1809 Res
1237 1743 1475 1809 infecta
1516 1741 1765 1807 mansit.
1844 1740 2015 1805 Inter
2041 1755 2377 1828 utrumque
2406 1756 2499 1805 ta-

575 1887 725 1931 men
767 1864 972 1929 virum
1013 1861 1310 1927 convenit
1345 1859 1471 1924 alio
1506 1874 1794 1949 tempore
1840 1859 2071 1923 iterum
2110 1856 2500 1947 colloquium

573 1982 833 2047 habere.

661 2098 914 2161 Exitum
951 2096 1136 2181 hujus
1175 2093 1531 2158 collationis
1566 2107 1782 2158 narrat
1810 2091 2195 2183 Augustinus
2226 2090 2297 2155 in
2336 2114 2497 2157 mus-

575 2236 741 2279 τοι...»
760 2261 778 2296 ,
845 2211 929 2277 ad
984 2226 1110 2277 tres
1161 2232 1655 2275 nonu-mmmm
1705 2231 2029 2275 nrmcoros
2066 2210 2329 2297 scripta,
2377 2209 2500 2298 qua

575 2328 794 2395 laudat
824 2327 878 2397 F
880 2328 1114 2393 ortunii
1148 2325 1432 2416 inprimis
1466 2326 1791 2393 caritatem
1805 2375 1824 2411 ,
1862 2350 2091 2417 eosque
2128 2326 2313 2391 simul
2338 2327 2496 2392 invi-

572 2462 667 2511 tat
689 2493 710 2528 ‚
777 2462 853 2511 ut
911 2444 1300 2532 colloquium
1352 2467 1569 2511 secum
1620 2445 1688 2509 in
1748 2467 1945 2535 parva
2015 2441 2283 2533 quadam
2347 2444 2497 2511 villa

568 2564 845 2631 habeant
879 2562 998 2653 (1).

1457 2796 1601 2877 53.

661 3032 824 3093 Cum
857 3049 1010 3093 vero
1047 3028 1486 3117 opportunitas
1520 3050 1665 3093 cum
1703 3028 2047 3097 Donatistis
2075 3032 2332 3120 publice
2372 3030 2497 3099 dis·

573 3142 841 3235 putandi
875 3165 942 3209 se
975 3166 1108 3210 non
1150 3144 1408 3210 offerret
1426 3192 1444 3227 ‚
1494 3146 1741 3235 scriptis
1766 3170 1905 3213 eam
1942 3170 2077 3213 rem
2102 3171 2181 3213 eo
2203 3150 2345 3239 plus
2370 3150 2499 3240 egit

576 3261 962 3353 Augustinus
976 3307 994 3343 ‚
1043 3282 1335 3365 annoque
1380 3261 1633 3327 circiter
1656 3266 1785 3343 400
1812 3265 2013 3331 multa
2036 3267 2269 3356 scripta
2300 3265 2497 3333 edidit

565 3380 729 3445 hanc
757 3378 1250 3443 controversiam
1272 3380 1640 3468 spectantia.

660 3493 833 3561 Inter
881 3518 956 3559 ea
987 3496 1194 3583 primo
1228 3494 1376 3561 loco
1407 3498 1791 3564 recensenda
1816 3515 1909 3565 est
1938 3522 2270 3584 zrmrom,
2304 3524 2493 3588 quam

575 3613 657 3681 ad
689 3635 1035 3679 carsrmtm
1063 3614 1338 3704 scripsit,
1375 3631 1711 3704 postquam
1741 3618 1911 3683 hunc
1935 3618 2164 3685 frustra
2192 3618 2273 3683 ad
2298 3619 2491 3685 colla·

568 3732 806 3797 tionem
835 3745 1224 3798 evocaverat.
1299 3730 1649 3822 Praecipua
1672 3734 1739 3797 in
1766 3756 1841 3799 ea
1870 3736 2127 3824 exponit
2160 3758 2486 3827 argumen-

562 3865 627 3916 ta
645 3896 666 3931 ,
737 3848 962 3935 quibus
1020 3847 1388 3913 Donatistae
1437 3848 1651 3915 induci
1694 3868 1949 3940 possent
1964 3900 1982 3936 ‚
2032 3869 2104 3918 ut
2126 3854 2194 3919 in
2220 3854 2485 3944 gratiam

617 4112 697 4179 (ι)
731 4114 818 4165 102
847 4112 936 4179 tp.
981 4094 1051 4147 ⁴⁴
1080 4108 1206 4174 opp.
1241 4111 1507 4175 Augustini
1543 4113 1598 4163 r.
1635 4112 1686 4162 11
1720 4128 1771 4179 p.
1812 4110 1875 4165 70
1913 4128 2056 4178 seqq.
