2917 4967
1537 382 1582 450 6

595 622 784 688 animi
817 622 1102 706 vitaeque
1139 614 1647 681 emendationem
1684 627 1819 677 erat
1851 612 2179 679 adductus.
2234 614 2527 705 Augusti·

597 762 735 821 nus,
766 738 856 802 uti
875 736 1008 825 ipse
1027 733 1282 813 fatetur,
1317 727 1400 795 ad
1415 727 1791 795 imitandum
1808 730 2057 795 exarsit.
2092 731 2409 821 Imprimis
2424 756 2531 799 au-

593 854 730 922 dito
751 854 1116 921 Pontitiano
1129 898 1150 934 ‚
1181 848 1398 916 Sancti
1419 849 1685 915 Antonii
1708 849 1901 914 vitam
1923 848 2236 917 referente
2250 898 2270 934 ,
2303 874 2371 918 se
2390 853 2527 941 ipse

593 994 980 1067 cognoscere
991 970 1234 1057 sibique
1251 966 1586 1057 displicere
1602 968 1841 1057 coepit.
1900 968 2047 1033 Hoc
2058 985 2383 1052 monente,
2406 970 2527 1037 fre-

597 1090 940 1181 quentabat
985 1091 1119 1175 jam
1164 1100 1420 1153 coetum
1453 1085 1951 1152 Christianorum
1964 1132 1984 1169 ,
2030 1086 2280 1177 legebat
2310 1087 2529 1153 Plato-

589 1232 734 1275 nem
751 1254 771 1290 ,
801 1206 1072 1271 maxime
1093 1220 1304 1271 autem
1319 1201 1631 1293 Epistulas
1648 1202 1827 1268 Pauli
1846 1203 2163 1293 Apostoli.
2192 1204 2353 1270 Cum
2369 1228 2527 1272 vero

589 1319 951 1413 aliquando,
973 1318 1196 1413 grandi
1211 1320 1404 1387 animi
1420 1321 1555 1386 rixa
1570 1320 1824 1403 oborta,
1849 1342 1976 1386 una
1994 1342 2141 1387 cum
2154 1324 2363 1417 amico
2376 1324 2527 1415 Aly-

587 1441 699 1532 pio
717 1440 786 1505 in
801 1440 1060 1505 hortum
1088 1435 1306 1504 domui
1331 1436 1726 1525 adjacentem
1748 1446 2111 1522 secesserat,
2144 1426 2217 1505 ut
2232 1443 2527 1530 precibus

589 1558 1005 1648 lacrymisque
1029 1556 1308 1622 animum
1331 1578 1551 1622 coram
1573 1556 1717 1623 Deo
1742 1554 2098 1622 effunderet
2122 1556 2523 1649 efflagitaret-

586 1698 708 1765 que
721 1723 741 1760 ‚
783 1690 854 1740 nt
873 1696 950 1741 ex
965 1674 1139 1741 hisce
1155 1673 1419 1739 miseriis
1433 1672 1841 1757 libemretur3
1878 1694 2033 1739 ecce
2051 1697 2280 1739 vocem
2302 1674 2522 1743 audire

586 1792 706 1859 sibi
714 1792 876 1859 visus
891 1808 984 1859 est
997 1791 1396 1857 clamantem:
1419 1790 1629 1873 nolle,
1650 1790 1812 1881 lege3
1831 1790 2012 1874 tolle,
2028 1790 2229 1883 lege.”
2242 1791 2526 1859 Surrexit

589 1908 966 2001 Aug-ustinus
979 1953 1000 1992 ,
1028 1908 1282 1995 jacebat
1303 1907 1474 1977 enim
1498 1908 1761 1998 genibus
1783 1906 1957 1973 flexis
1980 1910 2098 1975 snb
2119 1907 2228 1975 fici
2252 1912 2517 1994 arbore,

587 2026 745 2093 nihil
771 2024 941 2091 aliud
971 2040 1266 2115 reputans
1280 2073 1300 2109 ,
1334 2024 1452 2089 nisi
1480 2022 1773 2089 divinitus
1801 2024 1920 2091 sibi
1940 2026 2146 2112 juberi
2166 2075 2185 2110 ,
2220 2044 2293 2094 ut
2316 2030 2519 2118 aperi·-

583 2158 684 2209 ret
711 2140 1018 2208 Codicem
1035 2189 1054 2224 ‚
1095 2164 1282 2231 quem
1311 2162 1529 2207 secum
1560 2140 1881 2224 habebat,'
1898 2143 2329 2232 Epistolarum
2362 2146 2519 2211 Pau-

580 2259 851 2325 linamm
865 2306 884 2341 ,
913 2271 984 2324 ut
1003 2258 1242 2351 legeret
1271 2254 1444 2347 quod
1468 2258 1745 2347 primum
1772 2258 2116 2347 capitulum
2140 2259 2517 2345 invenisset3

583 2398 830 2443 memor
858 2376 1074 2443 similis
1108 2377 1238 2461 rei,
1276 2398 1435 2465 quae
1459 2374 1747 2443 Antonio
1777 2374 2128 2444 accidisset.
2189 2380 2475 2471 Arripuit
2490 2426 2512 2465 ,

583 2496 863 2587 aperuit3
897 2496 1051 2587 legit
1074 2510 1283 2562 autem
1315 2494 1533 2561 locum
1556 2542 1576 2579 ,
1615 2517 1741 2583 quo
1768 2494 2043 2584 primum
2070 2498 2345 2585 conjecti
2372 2512 2519 2565 sunt

585 2612 787 2679 oculi:
842 2614 988 2679 Non
1038 2621 1106 2678 tn
1156 2612 1776 2679 commessationibus
1810 2627 1878 2679 et
1907 2613 2343 2698 ebrietatibus,
2390 2640 2519 2683 non

583 2738 651 2797 in
699 2729 1008 2797 cubilibus
1055 2742 1124 2797 et
1160 2731 1595 2822 impudicitias,
1643 2755 1772 2797 non
1820 2738 1888 2797 in
1917 2735 2414 2802 contentionibus
2454 2750 2521 2801 et

581 2848 1033 2917 aemulatione.-
1075 2847 1194 2913 sed
1229 2848 1472 2914 induite
1516 2848 1855 2913 Dominum
1900 2850 2115 2914 Iesum
2166 2851 2479 2917 Christum
2489 2899 2511 2935 ,

581 2974 648 3029 et
683 2970 897 3027 carni-5
921 2962 1386 3049 providentiam
1429 2986 1511 3027 ne
1540 2964 1841 3050 secer-itis
1871 2971 1941 3028 in
1971 2974 2511 3055 concupiscentiis.

512 3115 517 3122 ·
573 3081 796 3169 (Rom.
833 3078 1008 3143 xm.
1057 3078 1186 3166 13).

667 3196 1068 3287 Diffugerunt
1092 3195 1174 3259 ab
1198 3195 1326 3259 hoc
1350 3193 1501 3261 inde
1526 3208 1819 3284 tempore
1844 3220 1923 3263 ex
1946 3197 2159 3264 animo
2180 3200 2510 3293 Augustini

583 3317 877 3383 tenebrae
901 3311 1330 3379 dubitationis.
1361 3343 1450 3361 ·--
1474 3312 1570 3376 Ex
1591 3313 1914 3379 haeretico
1940 3314 2141 3382 factus
2164 3334 2259 3384 est
2282 3320 2512 3387 Catho-

579 3432 740 3499 licae
779 3430 1098 3497 Ecclesiae
1130 3429 1338 3495 socius
1355 3428 1384 3514 ς’
1421 3452 1503 3495 ex
1534 3431 1794 3497 homine
1817 3430 2158 3500 libidinoso
2189 3450 2255 3501 et
2283 3420 2506 3528 volup-

585 3550 814 3615 tatibus
845 3546 1063 3614 dedito
1096 3548 1194 3612 vir
1220 3547 1385 3613 vitae
1417 3545 1761 3613 admodum
1792 3564 2108 3634 austerae3
2156 3554 2263 3641 qui
2286 3556 2511 3646 scepti-

583 3690 692 3731 cus
719 3666 922 3732 fuerat
936 3713 955 3748 ,
995 3668 1128 3751 jam
1153 3665 1458 3730 miraculo
1486 3664 1679 3730 fidem
1706 3668 2001 3734 habebat.
2094 3670 2279 3737 Brevi
2321 3689 2503 3761 post,

551 3806 694 3881 ⁶sno
721 3806 788 3849 se
823 3781 1121 3849 abdicans
1146 3805 1404 3848 munere
1419 3830 1439 3866 ,
1480 3806 1626 3848 cum
1659 3784 2003 3851 exsultante
2034 3802 2235 3854 matre
2260 3791 2506 3878 paucis-

581 3924 704 3990 que
727 3900 1132 3966 familiaribus
1155 3901 1222 3965 in
1250 3901 1438 3966 amici
1470 3898 1833 3967 verecundi
1856 3894 2071 3969 villa'm
2094 3905 2348 3971 secessit
2366 3952 2385 3987 ‚
2433 3922 2506 3971 nt

581 4020 658 4085 ab
697 4034 866 4084 aestu
913 4018 1116 4083 seculi'
1139 4017 1561 4104 requiesceret
1574 4066 1591 4100 ‚
1624 4034 1688 4084 et
1718 4019 2007 4107 precibus
2051 4013 2505 4111 colloquiisque
