2917 4967
1392 374 1471 445 ll

371 642 380 651 ·
464 620 596 701 ejus
620 613 798 681 sedes
825 614 993 677 facta
1029 628 1124 678 est
1137 658 1156 695 ,
1184 612 1280 676 uti
1296 606 1715 681 Tertullianus
1734 610 1901 677 illius
1924 608 2116 702 caput.
2134 631 2211 679 ev
2225 618 2397 705 priu-

471 752 640 821 ceps.
686 731 906 819 Neque
927 730 1119 795 etiam
1143 744 1479 819 postquam
1492 775 1513 813 ,
1538 728 1778 795 Praxea
1800 730 2089 819 inprimis
2111 748 2393 817 auctore,

468 849 736 915 haeresis
782 848 1002 913 haberi
1059 846 1390 937 coeperat,
1432 848 1565 913 vim
1592 868 1773 918 suam
1814 864 1879 913 et
1934 844 2285 915 efficaciam
2329 853 2399 917 in

469 965 816 1031 Ecclesiam
842 964 1238 1030 Catholicam
1279 984 1573 1030 exercere
1604 962 1810 1031 desiit.
1876 964 2120 1031 Placita
2142 967 2399 1054 quidem

466 1082 923 1149 damnabantur
975 1081 1499 1149 Montanistarum
1521 1130 1541 1165 ,
1572 1102 1797 1149 eorum
1823 1104 1977 1147 vero
2008 1100 2347 1175 praecepta
2370 1132 2392 1169 ,

468 1202 749 1291 mitigata
763 1200 1112 1290 paulisper,
1140 1224 1179 1266 a
1199 1200 1585 1266 Doctoribus
1604 1201 2037 1291 probabantur
2051 1201 2393 1289 Ecclesiae,
2520 1264 2533 1273 ,

465 1319 734 1383 maxime
802 1318 1140 1383 Africanae
1153 1365 1174 1400 ,
1253 1316 1700 1383 celeberrimis.
1762 1355 1767 1366 =
1806 1317 2016 1384 Semel
2076 1338 2231 1385 vero
2280 1342 2399 1386 usu

353 1437 361 1445 ’
463 1452 718 1525 recepta
755 1437 985 1501 sensim
1017 1436 1442 1525 paulatimque
1480 1434 1649 1525 apud
1676 1436 1847 1525 ipsos
1874 1437 2239 1505 catholicos
2262 1460 2396 1505 ma·-

457 1556 667 1637 jorem
691 1551 974 1642 vigorem
995 1566 1477 1620 contraxerunt.
1541 1550 1713 1633 Quid
1742 1552 1982 1617 multa?
2024 1552 2393 1625 Tertulliani

463 1670 695 1758 scripta
726 1670 797 1733 in
819 1669 1102 1734 Ecclesia
1141 1670 1352 1767 magni
1386 1692 1637 1759 semper
1666 1670 1836 1735 facta
1858 1687 2035 1756 sunt,
2068 1695 2145 1738 ac
2174 1675 2395 1743 sedulo

465 1786 857 1851 aCatholicis
888 1786 1279 1877 legebantur.
1295 1824 1380 1839 --
1400 1786 1895 1854 Montanismum
1920 1806 2131 1857 autem
2153 1792 2401 1859 sanatis

463 1926 638 1969 mum
685 1928 902 1994 sapere
919 1952 938 1988 ,
1013 1905 1150 1993 quis
1209 1927 1343 1969 non
1397 1904 1697 1995 fatebitur
1712 1954 1732 1990 ,
1788 1908 1898 1995 qui
1942 1908 2047 1973 vel
2088 1910 2397 2001 originem

463 2026 594 2109 ejus
635 2038 847 2089 teneat
860 2069 879 2105 ,
927 2022 1032 2087 vel
1071 2022 1453 2113 principium
1472 2068 1492 2107 ,
1542 2046 1671 2112 quo
1712 2026 2061 2111 nitebatur,
2107 2030 2210 2095 vel
2232 2031 2397 2097 vitae

459 2141 772 2206 rationem
785 2188 804 2224 ,
859 2164 1048 2229 quam
1071 2142 1148 2207 iis
1162 2187 1181 2223 ,
1217 2140 1331 2229 qui
1363 2139 1446 2205 ad
1490 2126 1805 2209 summum
1833 2136 2079 2211 virtutis
2098 2148 2393 2215 Christiass

461 2280 580 2324 nae
605 2259 859 2324 culmen
881 2260 1036 2325 eniti
1057 2259 1327 2341 vellent,
1369 2260 1881 2348 praescribebat?
1922 2265 2012 2328 At
2036 2264 2397 2333 fanatismus

377 2386 380 2391 '
460 2376 568 2441 ille
610 2377 981 2465 praeprimis
1025 2374 1545 2465 conspiciendum
1588 2400 1657 2441 se
1680 2372 1943 2465 praebet
1965 2378 2036 2445 in
2066 2404 2145 2446 ea
2172 2383 2396 2472 agendi

461 2493 706 2556 ratione
720 2539 739 2575 ,
779 2515 968 2580 quam
998 2492 1513 2580 persecutionum
1556 2508 1847 2581 tempore
1894 2498 2070 2583 sequi
2108 2498 2393 2583 jubebat.

464 2606 944 2675 Condemnabat
973 2608 1144 2675 enim
1186 2608 1400 2699 fugam
1429 2632 1507 2674 ac
1538 2610 1822 2693 vetabat,
1850 2634 1934 2677 ne
1960 2615 2096 2701 quis
2125 2632 2399 2683 mortem

464 2724 772 2793 evadendi
808 2725 1162 2816 periculum
1201 2725 1464 2791 faceret.
1537 2725 1677 2792 Nec
1704 2727 1911 2792 minus
1940 2730 2012 2795 in
2040 2753 2121 2797 eo
2148 2736 2397 2823 conspi-

465 2845 664 2928 citur,
700 2843 874 2932 quod
900 2844 1030 2909 alto
1064 2840 1414 2940 supercilio·
1431 2845 1507 2931 in
1552 2867 1663 2910 eos
1696 2838 2114 2935 despiciebat,
2146 2873 2303 2938 quos
2329 2866 2404 2919 ut

459 2977 614 3051 pote
648 2962 986 3048 Psyckicos
1011 2984 1088 3025 ac
1110 2960 1444 3027 Sensuahs
1477 2981 1515 3026 a
1540 2963 1969 3029 Pneuman‘cis
2002 2969 2391 3051 secernebat.

546 3079 694 3146 Hoc
722 3081 913 3171 igitur
942 3079 1276 3145 fanatismo
1307 3080 1375 3143 in
1405 3078 1625 3145 Africa
1658 3083 1792 3166 jam
1815 3080 2065 3172 vigente
2078 3131 2097 3167 ,
2136 3106 2285 3151 cum
2306 3086 2397 3153 IV

457 3200 714 3265 ineunte
725 3198 938 3265 seculo
953 3197 1383 3269 Diocletianus
1399 3196 1755 3288 Imperator
1772 3199 1841 3263 in
1854 3200 2237 3269 Christianos
2260 3228 2393 3271 sae—

459 3317 622 3382 viret
643 3364 664 3400 ,
710 3318 870 3382 haec
913 3338 1064 3381 sane
1112 3316 1471 3405 persecutio
1495 3315 1895 3381 fanatismum
1917 3318 2097 3383 illum
2127 3320 2395 3389 mirifice

461 3434 652 3499 auxit.
729 3432 958 3498 Sacros
983 3430 1254 3498 Codices
1279 3432 1741 3523 magisnatibus
1764 3434 2015 3501 tradere
2042 3452 2179 3503 tum
2204 3411 2395 3531 coge-

457 3549 686 3614 bantur
728 3550 1086 3616 Christiani.
1160 3548 1467 3615 Nonnulli
1496 3570 1651 3616 vero
1677 3549 1761 3615 ad
1786 3553 2155 3641 martyrium
2186 3555 2391 3647 adspi-

457 3680 668 3731 rantes
689 3682 916 3756 sponte
939 3691 1008 3733 se
1031 3666 1394 3734 obtulerimt
1409 3715 1428 3751 ,
1466 3666 1733 3733 fatentes
1756 3690 1825 3734 se
1847 3669 2109 3756 quidem*
2122 3671 2394 3741 Codices

460 3780 688 3847 Sacros
719 3783 951 3851 habere
972 3832 993 3868 ,
1045 3800 1112 3850 at
1158 3807 1317 3873 quos
1357 3782 1611 3849 tradere
1652 3784 1918 3852 nollent.
2010 3786 2156 3854 Hoc
2180 3806 2391 3857 autem

456 3918 541 3963 ne
587 3896 800 3983 fieret,
845 3924 994 3967 cum
1013 3924 1236 3968 cavere
1267 3901 1458 3967 vellet
1488 3901 1837 3969 Mensmius
1850 3951 1870 3986 ,
1904 3918 2059 3971 tunc
2088 3908 2391 3996 temporis

455 4016 802 4106 Episcopus
829 4020 1350 4109 Carthaginiensis
1363 4067 1382 4103 ,
1430 4020 1663 4104 vetuit,
1698 4042 1781 4087 ne
1804 4020 1898 4089 illi
1926 4042 2191 4089 numero
2222 4044 2387 4090 mar-
