2917 4967
1584 351 1677 423 80
1720 422 1725 427 .
1832 340 1841 351 ’

1303 591 1699 657 cml-11⁷1·
1758 588 1959 657 111.

1371 844 1894 901 cournonnsu

861 1162 1001 1222 430,
1049 1163 1189 1206 mm
1232 1164 1299 1207 VI
1345 1165 1458 1207 1111
1504 1164 1733 1207 mezu·
1778 1165 1848 1207 nc
1894 1162 2090 1207 BBBUS
2132 1162 2364 1205 uerus.

1491 1412 1803 1439 ·w-

1571 1645 1714 1721 51.

969 1876 1286 1963 Definitur
1331 1873 1799 1939 Convoversiae
1840 1886 2293 1960 argumentum.

759 2107 1168 2173 Donum-ru
1183 2154 1204 2189 ,
1248 2120 1320 2170 ut
1367 2128 1559 2194 supra
1588 2107 1723 2191 jam
1750 2104 2028 2169 breviter
2053 2108 2411 2173 notavimus
2438 2155 2456 2191 ,
2508 2132 2603 2174 ar·
2707 2130 2717 2138 ·

673 2240 1040 2315 gumentum
1073 2247 1190 2313 pro
1229 2246 1340 2287 sua
1375 2246 1571 2287 causa
1604 2246 1683 2287 ex
1720 2245 1799 2287 eo
1830 2223 2022 2287 etiam
2050 2226 2351 2311 petebant
2370 2272 2389 2307 ‚
2425 2226 2598 2313 quod

673 2342 1135 2431 persecutiones
1151 2341 1577 2430 patiebantur,
1597 2340 1909 2405 Catholici
1924 2362 2075 2405 vero
2099 2364 2199 2405 eas
2218 2328 2594 2411 inferebant.

675 2460 843 2523 Eam
887 2459 1056 2523 enim
1085 2465 1605 2537 communionem,
1645 2456 1939 2523 dicebant
1949 2504 1970 2537 ‚
2000 2459 2353 2524 Ecclesiam
2395 2485 2601 2527 veram

675 2599 813 2642 esse
826 2623 847 2656 ‚
879 2599 1038 2665 quae
1055 2582 1553 2663 persecutionem
1588 2582 1853 2662 patitur,
1914 2599 2040 2639 non
2090 2599 2249 2664 quae
2282 2576 2465 2665 facit
2482 2576 2595 2666 (1).

675 2694 898 2781 Itaque
927 2714 1072 2757 cum
1093 2692 1561 2781 persecutiones
1578 2692 1923 2757 Donatistis
1946 2692 2221 2757 inferant
2246 2694 2595 2777 Catholici,

677 2809 814 2875 fieri
859 2833 991 2874 non
1034 2831 1218 2898 posse
1232 2857 1251 2892 ,
1288 2825 1361 2904 ut
1391 2807 1561 2897 apud
1589 2831 1700 2873 eos
1730 2831 1877 2873 vera
1907 2809 1988 2874 sit
2020 2810 2251 2874 Christi
2274 2802 2599 2894 Ecclesia}

671 2948 822 2990 cum
868 2950 1021 2990 vero
1064 2926 1531 3013 persecutiones
1559 2925 1880 3013 patiantur
1903 2925 2309 3011 Donatistae,
2345 2951 2600 3017 uecesse

673 3066 806 3109 esse
820 3090 838 3126 ,
866 3058 937 3107 ut
961 3044 1190 3107 horum
1222 3043 1585 3107 communio
1612 3042 1693 3105 sit
1722 3064 1871 3106 vera
1897 3042 2007 3105 illa
2034 3043 2337 3109 Ecclesia.
2428 3045 2494 3109 N
2492 3069 2597 3110 am

672 3161 782 3248 qui
831 3160 1221 3249 persequitur
1237 3206 1256 3241 ‚
1293 3182 1371 3225 eo
1403 3160 1543 3246 ipso
1598 3157 1873 3222 ostendit
1891 3207 1908 3242 ‚
1943 3181 2009 3222 se
2038 3160 2297 3224 caritate
2314 3207 2332 3242 ,
2365 3163 2596 3249 prima-

669 3277 798 3360 ria,
832 3298 1021 3363 quam
1061 3275 1284 3365 religio
1311 3275 1663 3339 Christiana
1693 3272 2097 3340 commendat
2112 3322 2132 3358 ,
2180 3276 2410 3342 virtute
2428 3326 2447 3361 ,
2496 3303 2598 3344 ca-

673 3416 843 3459 rere:
875 3416 1044 3458 »non
1071 3393 1238 3457 enim
1270 3390 1731 3481 persequitur,”
1766 3391 1855 3454 ait
1877 3390 2216 3458 Petilianus
2240 3392 2365 3483 (2),
2406 3397 2597 3461 »cm-i.

673 3527 806 3595 tas„
853 3534 986 3576 non
1019 3508 1344 3575 adversum
1376 3524 1615 3573 ceteras
1650 3507 1885 3573 animas
1916 3510 2333 3599 Imperatores
2357 3512 2595 3578 inflam-

673 3645 838 3712 mat,
885 3652 1018 3695 non
1070 3628 1273 3693 aliena
1319 3625 1533 3715 diripit
1553 3673 1571 3709 ,
1627 3649 1761 3691 non
1818 3628 2009 3693 etiam
2057 3629 2343 3695 homines
2361 3678 2380 3714 ,
2436 3654 2593 3719 quos

737 3932 817 3999 (1)
847 3934 1063 3997 August.
1092 3932 1156 3983 ad
1188 3934 1370 3983 Donet.
1398 3947 1452 3997 p.
1484 3932 1669 3984 Collnt.
1708 3933 1734 3999 ς
1770 3932 1860 3985 20.

736 4016 815 4082 (2)
851 4017 1063 4080 August.
1100 4034 1148 4067 ο.
1187 4018 1292 4067 litt.
1325 4016 1480 4070 Petu.
1518 4016 1627 4071 Lib.
1660 4016 1731 4068 11.
1768 4016 1793 4083 ς
1834 4014 1949 4067 173.
