2917 4967
1369 436 1462 507 59

551 674 900 743 Prudenter
943 686 1150 737 autem
1186 691 1327 735 eam
1362 665 1783 733 adhibendam
1811 686 1945 731 esse
1986 662 2176 730 docet
2190 706 2221 749 ,·
2258 689 2379 733 nec

458 797 704 861 ratione
731 817 768 859 a
799 792 1057 859 caritate
1083 789 1434 853 Christiana
1462 786 1687 851 aliena.
1780 784 1877 849 Ita
1909 782 1989 849 de
2019 807 2094 850 ea
2123 802 2372 851 monet:

457 912 559 977 ..si
589 912 726 1001 quis
769 910 1273 975 Christianorum
1296 907 1366 970 in
1392 903 1709 969 Ecclesiae
1740 904 2040 968 societate
2068 904 2138 967 in
2171 903 2381 991 aliquo

457 1030 570 1095 tali
605 1044 874 1119 peccato
909 1027 1100 1093 fuerit
1134 1024 1587 1114 deprehensus,
1632 1038 1708 1086 ut
1740 1022 2135 1086 anathemate
2158 1018 2382 1112 dignus

455 1148 785 1228 habeatur,
813 1144 925 1209 fiat
952 1146 1080 1209 hoc
1106 1143 1219 1209 ubi
1248 1139 1601 1231 periculum
1624 1138 1968 1205 schismatis
1986 1138 2232 1203 nullum
2258 1154 2374 1224 est,

455 1278 646 1352 atque
685 1261 757 1327 id
796 1286 944 1327 cum
968 1264 1045 1327 ea
1074 1258 1414 1325 dilectione
1431 1305 1452 1341 ,
1500 1256 1583 1324 de
1614 1280 1736 1345 qua
1767 1256 2109 1346 Apostolus
2138 1257 2384 1345 praeci-

455 1382 551 1471 pit
569 1428 589 1463 ,
648 1378 864 1445 dicens
879 1427 902 1462 ,
951 1394 1058 1443 »ut
1097 1378 1424 1441 inimicum
1476 1396 1609 1439 non
1650 1396 1796 1439 eum
1829 1372 2188 1439 existimetis
2204 1424 2224 1457 ,
2271 1374 2385 1441 sed

461 1498 762 1586 corripite
783 1512 861 1560 ut
891 1496 1152 1559 fratrem
1166 1494 1220 1558 :'’
1267 1516 1400 1558 non
1429 1494 1600 1557 enim
1632 1490 1714 1555 ad
1744 1490 2186 1557 eradicandum
2202 1540 2222 1575 ,
2272 1494 2386 1559 sed

464 1613 546 1679 ad
569 1610 1035 1702 corrigendum.
1085 1608 1278 1691 Quod
1307 1610 1358 1673 si
1385 1632 1450 1674 se
1472 1632 1606 1673 non
1622 1609 1957 1697 ‘agnoverit
1970 1654 1989 1691 ,
2026 1632 2147 1674 nec
2168 1612 2383 1698 paeni-

457 1728 658 1795 tendo
708 1729 1048 1794 correxerit
1063 1774 1083 1811 ,
1129 1729 1265 1817 ipse
1315 1726 1485 1791 foras
1540 1727 1736 1808 exiet,
1794 1741 1859 1791 et
1898 1748 2015 1815 per
2062 1728 2387 1818 propriam

403 1828 408 1834 ⁴
459 1846 852 1911 voluntatem
898 1846 979 1911 ab
1013 1844 1334 1909 Ecclesiae
1369 1840 1819 1909 communione
1855 1842 2213 1910 dirimetur”
2256 1844 2377 1937 (1).

459 1964 523 2029 N
521 1985 596 2029 ec
613 1984 859 2053 semper
875 1960 1204 2051 disciplina
1223 1960 1660 2026 Ecclesiastica
1678 1959 2028 2027 exercenda
2045 1978 2161 2029 cst.
2198 1964 2387 2029 ‘Cum

461 2079 634 2146 idem
673 2082 933 2147 moi-bus
976 2080 1285 2169 plurimos
1311 2080 1720 2170 occupaverit
1738 2126 1757 2162 ,
1804 2078 1963 2144 nihil
2002 2079 2175 2145 aliud
2205 2083 2389 2148 bonis

463 2212 655 2263 restat
668 2246 688 2280 ,
737 2220 926 2285 quam
970 2195 1158 2263 dolor
1197 2211 1264 2263 et
1295 2198 1561 2287 gemitus
1575 2244 1593 2280 ‚
1644 2212 1715 2261 ut
1754 2220 1871 2286 per
1911 2196 2070 2263 illud
2106 2198 2351 2290 signum
2368 2248 2388 2283 ,

461 2315 641 2404 quod
661 2316 972 2381 Ezechieli
1007 2331 1227 2380 sancto
1251 2316 1588 2396 revelatur,
1621 2315 1820 2379 illaesi
1850 2314 2115 2381 evadere
2142 2317 2222 2382 ab
2246 2318 2389 2382 illoz-

463 2456 607 2497 rum
646 2434 995 2498 vastatione
1024 2431 1414 2497 mereantur''
1451 2430 1571 2520 (2).
1695 2430 2224 2499 »Misericorditer
2253 2457 2394 2498 cor-

465 2549 654 2638 ripiat
694 2550 892 2613 homo
907 2595 927 2630 ,
987 2546 1162 2635 quod
1204 2561 1445 2636 potest:
1506 2545 1684 2633 quod
1722 2563 1933 2611 autem
1980 2570 2115 2613 non
2147 2563 2359 2638 potest
2372 2597 2390 2633 ‚
2450 2578 2459 2587 ·

467 2665 780 2755 patienter
807 2665 994 2748 ferat,
1025 2680 1088 2730 et
1113 2663 1454 2729 dilectione
1481 2679 1690 2755 gemat
1714 2680 1904 2753 atque
1931 2665 2165 2757 lugeat,
2189 2665 2396 2734 donec

473 2796 582 2847 aut
621 2782 731 2848 ille
780 2780 861 2846 de
906 2802 1094 2871 super
1135 2779 1429 2847 emendet
1473 2796 1541 2846 et
1570 2781 1889 2871 corrigat,‘
1927 2799 2037 2847 aut
2088 2806 2284 2873 usque
2306 2783 2402 2874 *ad

469 2920 740 2985 messem
761 2896 1035 2979 differat,
1065 2896 1386 2963 eradich
1407 2898 1664 2979 zizania,
1696 2912 1761 2963 et
1788 2900 2037 2989 paleam
2058 2901 2395 2968 ventilare:

467 3030 542 3081 ut
567 3031 782 3081 tamen
807 3016 1010 3080 securi
1037 3013 1118 3081 de
1139 3015 1336 3080 salute
1361 3038 1471 3079 sua
1490 3016 1699 3080 bonae
1721 3017 1856 3105 spei
1879 3017 2213 3083 Christiani
2234 3018 2401 3085 inter

469 3131 833 3223 desperatos
848 3180 867 3216 ,
917 3155 1074 3220 quos
1101 3133 1418 3222 corripere
1445 3154 1578 3198 non
1601 3134 1810 3198 valent
1830 3182 1850 3217 ,
1895 3136 1965 3199 in
1990 3138 2231 3203 unitate
2263 3160 2399 3203 ver-

471 3268 688 3317 sentur
703 3300 723 3335 ,
771 3251 1058 3317 auferant
1089 3250 1324 3316 malum
1357 3275 1396 3316 a
1435 3274 1502 3316 se
1540 3252 1690 3341 ipsis
1709 3300 1729 3335 ,
1775 3251 1846 3316 id
1875 3266 1999 3337 est,
2047 3268 2119 3319 ut
2146 3256 2215 3319 in
2252 3256 2403 3346 ipsis

475 3390 608 3435 non
652 3370 1040 3453 inveniatur,
1089 3367 1262 3457 quod
1297 3369 1369 3433 in
1405 3370 1687 3435 moribus
1725 3370 1992 3436 aliorum
2047 3372 2137 3437 eis
2188 3371 2404 3462 displi-

475 3486 609 3551 cet'’
661 3486 780 3577 (3).
883 3488 1206 3575 Nusquam
1256 3502 1469 3553 tamen
1520 3487 1916 3578 disciplinam
1964 3489 2401 3583 negligendam

477 3590 612 3671 esse
625 3652 645 3687 ,
680 3627 825 3671 cum
849 3605 984 3670 sine
1018 3606 1194 3693 pacis
1219 3604 1551 3672 violandae
1583 3606 1866 3697 periculo
1893 3629 1969 3673 ea
1998 3607 2136 3674 fieri
2165 3611 2362 3699 possit
2377 3655 2398 3692 ,

511 3819 650 3828 a—--—
680 3819 732 3825 -
743 3818 863 3825 *--,
877 3816 1150 3825 —-.-—-——-—-

541 3945 623 4013 (Ι)
657 3946 714 3998 c.
752 3944 910 4011 Epi-t.
947 3942 1180 3992 Parmen.
1215 3936 1324 3991 nb.
1361 3938 1440 3989 111
1476 3938 1501 4005 ς
1544 3938 1625 3989 18.
1660 3938 1737 3989 cf.
1774 3944 1827 3989 et
1860 3939 1967 3995 m».
2006 3942 2059 3992 11
2095 3942 2121 4010 ς
2155 3944 2243 3998 25.

539 4029 620 4093 (2)
654 4028 786 4080 lhid.
825 4025 934 4077 Lib.
967 4024 1049 4077 111
1086 4022 1113 4089 ς
1155 4020 1238 4075 u.

542 4115 623 4181 (8)
657 4112 790 4163 lbid.
823 4108 942 4164 Lib.
979 4108 1058 4165 111
1094 4107 1119 4174 ς
1161 4104 1242 4155 15.
