2917 4967
1329 300 1416 386 17

489 550 858 644 Imperator,
878 576 1021 617 cum
1033 553 1222 642 leges,
1241 572 1390 640 quas
1400 550 1652 633 tulerat,
1669 572 1901 615 nocere
1910 553 2116 641 potius
2128 572 2313 643 quam

400 672 696 760 prodesse
745 669 980 734 videret
997 718 1016 751 ,
1063 692 1228 733 anno
1275 671 1408 753 jam
1449 667 1573 755 317
1602 668 1928 757 epistolam
1965 672 2205 759 scripsit
2231 654 2333 737 ad*

401 790 745 878 Episcopos
772 803 834 851 et
857 762 1110 875 plebem
1140 786 1870 866 EcclesiaeCatholicae,
1908 790 2027 873 qua
2050 788 2123 850 iis
2145 789 2311 855 ferre

399 907 585 969 suasit
599 954 616 986 ,
654 929 810 993 quae
827 929 943 993 per
958 905 1236 969 furorem
1259 906 1522 968 istorum
1534 904 1862 968 hominum
1878 907 2270 992 patiebantur
2286 952 2304 989 ,

397 1045 516 1093 nec
558 1023 676 1086 sibi
708 1021 1050 1085 vindictam
1088 1044 1328 1086 sumere
1347 1069 1364 1102 ,
1416 1044 1573 1108 quae
1614 1021 1753 1085 Deo
1790 1020 1909 1085 soli
1951 1038 2300 1111 competat:

394 1140 520 1203 hoc
549 1144 718 1203 enim
738 1140 790 1203 si
812 1140 1090 1204 facerent
1105 1187 1123 1220 ‚
1147 1139 1541 1203 fanatismum
1564 1154 1787 1226 sponte
1807 1139 2177 1229 exstinctum
2202 1142 2301 1205 iri.

391 1256 582 1319 Anno
612 1279 764 1320 vero
795 1254 872 1319 32
887 1280 912 1319 1
937 1302 954 1337 ‚
992 1255 1401 1319 Constantino
1427 1278 1572 1318 cum
1600 1254 1881 1319 libellum
1905 1256 2307 1320 exhibuerant

391 1373 758 1443 Donatistae
776 1421 795 1454 ,
841 1397 966 1460 quo
1012 1388 1298 1462 peterent
1316 1420 1333 1453 ,
1370 1388 1440 1435 ut
1477 1372 1673 1437 libere
1704 1394 1885 1461 agere
1910 1374 2026 1436 sibi
2046 1373 2266 1438 liceret
2280 1422 2299 1455 ,

391 1513 510 1553 nec
540 1491 603 1553 vi
629 1489 710 1553 ad
733 1490 1244 1554 communionem
1265 1488 1603 1552 Caeciliani
1630 1505 2003 1578 cogerentur
2022 1536 2039 1571 ‚
2090 1488 2301 1554 dicen-

387 1620 512 1669 tes:
563 1606 732 1669 nullo
772 1606 952 1669 modo
986 1630 1054 1669 se
1091 1590 1649 1669 communicaturos
1676 1614 1942 1669 antistiti
1974 1615 2168 1697 ipsius
2198 1632 2305 1671 ne·—

394 1722 607 1785 buloni
617 1770 638 1803 ‚
683 1716 688 1723 ’
699 1738 1085 1813 paratosque
1152 1747 1287 1787 esse
1345 1732 1595 1811 perpeti
1616 1772 1633 1805 ,
1705 1726 2009 1813 quidquid
2065 1734 2145 1789 iis
2186 1728 2306 1815 fa-

387 1847 527 1903 cei-e
574 1840 866 1905 voluisset
902 1838 992 1929 (1)
1005 1865 1032 1920 ,·
1087 1841 1439 1929 Imperator
1477 1840 1857 1929 perspiciens
1875 1891 1892 1924 ,
1954 1866 2079 1931 quo
2129 1845 2306 1909 furor

382 1957 646 2021 istorum
685 1960 1014 2023 hominum
1043 1981 1153 2024 eos
1186 1958 1415 2023 ducere
1449 1975 1659 2047 posset
1676 2008 1694 2043 ‚
1744 1961 2048 2051 rescripto
2084 1960 2165 2025 ad
2192 1962 2303 2029 Vi-

383 2076 618 2140 carium
673 2075 975 2141 Verinum
1028 2078 1214 2141 misso
1230 2124 1248 2158 ‚
1317 2099 1573 2141 omnem
1616 2078 1689 2141 iis
1740 2077 2083 2143 secundum
2128 2102 2302 2143 suam

379 2196 844 2281 persuasionem
870 2194 1094 2285 agendi
1125 2196 1481 2260 libertatem
1515 2195 1823 2259 concessit
1848 2195 1965 2285 (2).

467 2312 548 2373 Et
600 2313 755 2375 haec
815 2310 1067 2398 quidem
1114 2337 1323 2377 rerum
1376 2313 1659 2377 conditio
1710 2316 1935 2377 mansit
1978 2339 2171 2401 usque
2216 2315 2297 2379 ad

376 2442 648 2493 mortem
690 2429 1102 2493 Constantini.
1210 2430 1406 2512 Hujus
1448 2451 1601 2492 vero
1655 2430 1722 2491 in
1773 2429 2122 2496 Occidente
2161 2454 2293 2493 suc-

380 2565 589 2605 cessor
610 2590 628 2624 ,
679 2544 981 2607 Constans
1004 2589 1023 2625 ‚
1091 2544 1276 2607 aliam
1334 2544 1514 2607 inivit
1558 2544 1724 2607 viam
1740 2590 1760 2625 ‚
1823 2558 1944 2631 q‘ua
1999 2546 2289 2610 schisma-

377 2659 538 2721 ticos
599 2659 668 2721 in
727 2658 1044 2722 Ecclesiae
1116 2661 1318 2721 sinum
1379 2658 1680 2723 reducere
1758 2663 2065 2748 sperabat.
2168 2662 2291 2727 Per

373 2776 701 2839 Ursacium
727 2774 1022 2838 nimirum
1057 2791 1121 2839 et
1145 2776 1478 2841 Leontium
1492 2824 1509 2859 ‚
1542 2800 1707 2841 anno
1754 2778 1911 2860 340,
1961 2756 2287 2868 argentum

370 2893 556 2956 inter'
579 2914 882 2980 pauperes
931 2890 1215 2957 distribui
1272 2895 1512 2957 curavit
1528 2942 1547 2975 ,
1584 2894 1767 2960 simul
1817 2894 2092 2959 edictum
2136 2920 2284 2984 pro-

360 3010 648 3099 mulgans
663 3057 681 3091 ,
719 3031 844 3096 quo
876 3009 1256 3074 Christianos
1289 3011 1356 3073 in
1379 3011 1595 3075 Africa
1623 3011 1703 3075 ad
1723 3012 2023 3077 unitatem
2057 3014 2275 3078 Eccle-

370 3127 677 3191 siasticam
739 3126 1199 3191 exhortabatur.
1311 3128 1454 3191 Hoc
1511 3128 1825 3215 patefacto
1882 3131 2281 3218 Imperatoris

370 3245 669 3325 consilio,
717 3244 927 3309 statim
971 3267 1117 3309 suos
1187 3245 1533 3309 excitarunt
1598 3247 2064 3321 Donatistarum
2106 3250 2281 3338 Epis-

371 3365 548 3450 copi,
595 3378 666 3425 ut
700 3362 794 3425 illi
831 3363 1004 3426 omni
1039 3364 1102 3426 vi
1140 3386 1205 3427 se
1240 3379 1656 3451 opponerent.
1749 3364 1942 3429 Novis
1966 3368 2114 3431 binc
2136 3391 2280 3455 per·

367 3480 784 3545 secutionibus
824 3480 1032 3544 vexari
1069 3481 1280 3567 coepti
1303 3496 1449 3545 sunt
1467 3529 1485 3562 ‚
1528 3482 1595 3544 in
1622 3505 1881 3567 quarum
1912 3486 2281 3549 memoriam

366 3595 592 3659 festum
630 3598 958 3681 quotannis
997 3596 1442 3661 celebrandum
1473 3620 1510 3661 a
1540 3596 1881 3663 Donatistis
1912 3600 2271 3667 instituitur.

418 3890 498 3958 (1)
530 3891 800 3942 Aue-unm.
839 3892 983 3942 Brev.
1021 3892 1202 3942 collat.
1246 3878 1298 3943 il.
1340 3894 1438 3946 111.
1474 3894 1497 3960 ς
1531 3894 1620 3945 39.

419 3974 503 4041 (2)
534 3974 686 4024 Index
721 3974 900 4027 collat.
936 3976 994 4023 D.
1031 3974 1129 4025 111.
1171 3992 1217 4023 c.
1253 3974 1372 4027 549.
