2917 4967
1429 394 1524 469 56

517 654 664 701 eum
703 630 972 697 voluisse
1013 628 1168 695 dicit
1196 629 1592 719 Augustinus.
1685 630 1981 697 Lectores
2010 651 2272 695 monere
2302 632 2439 697 vult

515 750 892 841 Apostolus,
940 764 1011 813 ut
1039 780 1066 805 n
1079 745 1418 813 auferendo
1447 748 1683 812 malum
1718 769 1795 812 ex
1821 771 1887 814 se
1917 749 2067 837 ipsis
2080 796 2099 832 ,
2133 750 2181 813 i.
2214 772 2272 814 e.
2308 772 2439 815 non

519 892 664 933 cum
706 866 886 933 malis
930 863 1256 956 peccando
1275 913 1294 947 ,
1343 887 1462 929 nec
1500 866 1575 928 iis
1616 861 1701 928 ad
1740 866 2138 953 peccandum
2174 889 2437 933 consen-

515 983 737 1051 tiendo
776 998 882 1047 aut
917 980 1189 1048 favendo
1205 1029 1223 1064 ‚
1271 982 1657 1071 integerrimi
1685 982 1850 1046 inter
1882 1005 1992 1048 eos
2022 998 2088 1048 et
2109 974 2435 1074 incorrup-

515 1102 735 1167 tissimi
757 1098 1181 1166 versarentur”
1211 1097 1330 1187 (1).

605 1216 710 1281 Sic
739 1232 980 1297 cetera,
1030 1237 1192 1303 quae
1223 1214 1648 1280 afferebantur
1664 1262 1683 1298 ,
1732 1216 1879 1282 loca
1903 1216 2271 1306 accipienda
2302 1241 2437 1285 esse

517 1333 738 1416 docet,
767 1355 831 1399 v.
866 1357 927 1398 c.
959 1355 995 1395 2
1024 1333 1172 1398 Cor.
1188 1331 1302 1398 VI.
1329 1336 1426 1412 14.
1451 1333 1676 1397 »nolite
1683 1336 1913 1421 jugum
1935 1334 2157 1399 ducere
2179 1358 2320 1401 cum
2342 1344 2437 1399 in-

497 1448 838 1540 fidelibus-'⁹
864 1447 956 1539 (2)
987 1462 1052 1513 et
1079 1448 1338 1531 similia,
1366 1472 1639 1537 quorum
1664 1450 2096 1539 interpretatio
2129 1475 2261 1517 non
2289 1475 2437 1518 raro

517 1568 705 1659 longe
740 1558 1016 1655 quaesita
1047 1582 1142 1629 est
1175 1562 1292 1653 (3).
1383 1566 1534 1630 Non
1562 1564 1643 1632 de
1668 1568 1978 1655 corporali
2002 1571 2398 1657 separatione
2414 1618 2434 1653 ,

517 1682 628 1751 sed
660 1682 740 1747 de
768 1682 1081 1771 spirituali
1109 1680 1226 1770 (4).
1319 1680 1723 1770 spiritualem
1755 1686 2217 1773 separationem
2250 1687 2439 1751 etiam
2474 1754 2477 1758 ,

518 1799 890 1867 intellexisse
919 1798 1188 1863 Paulum
1219 1798 1601 1886 Apostolum
1619 1847 1636 1881 ‚
1666 1801 2025 1885 jubentem:
2058 1826 2140 1866 ne
2170 1825 2438 1867 commu-

515 1927 684 1983 nicet
707 1915 1120 2004 (Timotheus)
1143 1923 1427 2003 peccatis
1446 1916 1706 1981 alienis:
1736 1918 2030 1983 nimirum
2048 1941 2353 1985 consensu
2366 1934 2442 1997 et

498 2036 738 2125 placito
772 2031 891 2122 (5).

605 2151 746 2217 Hac
774 2172 928 2216 vero
959 2148 1189 2214 Sacrae
1221 2134 1581 2238 Sci-ipturae
1604 2149 1899 2215 locorum
1919 2151 2439 2241 interpretatione

515 2270 708 2335 fietus
725 2316 744 2351 ,
779 2266 991 2332 statuit
1015 2265 1425 2355 Augustinus:
1464 2265 1827 2331 manifestos
1852 2268 2043 2333 etiam
2070 2284 2437 2357 peccatores

477 2412 484 2417 ·
512 2387 582 2451 in
605 2384 886 2451 Ecclesia
906 2380 1271 2448 tolerandos
1302 2406 1459 2448 esse.
1550 2383 1815 2449 Nullum
1839 2385 2009 2450 enim
2031 2400 2439 2477 praeceptum

511 2503 596 2571 de
633 2502 950 2592 corporali
985 2502 1067 2565 ab
1112 2500 1188 2564 iis
1231 2502 1628 2590 separatione
1672 2525 2007 2568 occurrere
2025 2552 2043 2587 ,
2093 2527 2212 2569 nec
2247 2505 2437 2570 etiam

513 2620 730 2687 obesse
757 2619 933 2682 bonis
963 2625 1031 2681 in
1063 2640 1191 2680 una
1214 2625 1642 2682 communione
1670 2619 1867 2683 malos·
1898 2618 2017 2710 (6).
2111 2621 2255 2687 Hoc
2285 2644 2439 2687 vero

514 2753 588 2803 ut
653 2738 885 2827 probet
903 2783 922 2818 ,
973 2734 1157 2800 affert
1210 2733 1453 2799 dictum
1513 2736 1547 2799 J
1550 2758 1659 2801 esu
1718 2735 1801 2801 ad
1855 2737 2234 2826 Apostolos:
2295 2743 2441 2826 jam

515 2878 619 2922 vos
657 2854 873 2919 mundi
913 2860 1096 2934 estis,
1135 2851 1261 2915 'sed
1295 2875 1424 2917 non
1466 2876 1712 2917 omnes:
1756 2874 1883 2941 quo
1914 2854 2197 2920 indicare
2229 2856 2441 2921 Iesum

514 2972 786 3037 voluisse
814 2956 975 3033 dicit'
983 3015 1003 3051 ,
1051 2968 1158 3031 »in
1192 2992 1325 3033 uno
1357 2985 1545 3034 coetu
1567 2971 1897 3035 hominum
1916 3018 1935 3053 ,
1984 2970 2205 3036 eadem
2230 2994 2436 3039 sacra-

513 3100 728 3153 menta
751 3085 1127 3151 sumentium
1141 3132 1160 3166 ,
1191 3084 1545 3172 aliquorum
1564 3084 2027 3151 immunditiam
2052 3084 2298 3151 mundis
2324 3087 2437 3151 ob-

513 3226 646 3269 esse
672 3225 803 3266 non
827 3200 1069 3290 posse”.
1116 3201 1301 3266 Illum
1327 3202 1497 3266 enim
1512 3248 1531 3282 ,
1559 3217 1887 3289 praesente
1909 3201 1942 3264 J
1944 3200 2071 3267 uda
2091 3201 2396 3269 traditore
2410 3250 2430 3286 ,

515 3321 778 3386 dixisse:
815 3322 961 3407 jam
1009 3340 1115 3382 vos
1158 3318 1376 3383 mundi
1417 3326 1569 3383 estis
1580 3341 1608 3401 ‚·
1651 3316 1963 3387 addidisse
1992 3334 2155 3395 ,νει-ο·
2173 3334 2437 3411 propter

568 3565 649 3631 (1)
683 3564 740 3616 C.
778 3562 936 3628 Epist.
972 3560 1203 3610 Pau-men.
1241 3553 1352 3609 Lib.
1388 3554 1469 3606 111
1503 3555 1528 3622 5
1564 3555 1618 3609 2.

569 3647 647 3713 (2)
681 3646 761 3699 Aa
793 3647 975 3699 Donat.
1014 3660 1068 3709 p.
1104 3639 1232 3692 eon.
1273 3640 1296 3706 5
1333 3640 1404 3689 33
1436 3654 1582 3705 seqq.

561 3731 642 3797 (3)
679 3729 758 3780 Cf.
795 3745 844 3778 ο.
882 3726 1042 3792 Epist.
1075 3726 1306 3774 Parmen.
1344 3722 1450 3772 nh.
1488 3724 1568 3771 111
1604 3722 1629 3789 5
1666 3722 1701 3772 2
1734 3737 1880 3789 seqq.

562 3813 648 3880 (4)
684 3812 760 3863 Ad
791 3812 976 3860 Donat.
1012 3825 1064 3874 p.
1102 3806 1284 3857 Collat.
1325 3804 1349 3872 5
1387 3806 1438 3858 7.
1478 3805 1503 3872 5
1540 3806 1605 3856 26
1640 3821 1785 3871 seqq.

565 3899 645 3964 (δ)
679 3898 735 3946 C.
773 3894 878 3945 litt.
917 3895 1030 3944 Pet.
1071 3890 1178 3942 tib.
1217 3891 1268 3940 11
1310 3888 1335 3955 5
1369 3888 1491 3941 243.

499 4043 507 4051 .
561 3983 641 4052 (6)
672 3980 902 4045 C.Epist.
923 3980 1152 4030 Parmen-
1171 3976 1280 4028 Lib.
1303 3974 1399 4041 115
1424 3974 1455 4024 4
1473 4007 1489 4036 ,
1530 3973 1554 4041 5
1586 3974 1648 4025 10
1667 4008 1685 4037 ,
1708 3973 1772 4025 nd
1810 3975 1994 4028 Donni.
2026 3991 2082 4040 p.
2113 3976 2295 4032 Collnt.
2330 3976 2439 4046 58,

489 4068 492 4073 ’
687 4062 718 4117 7
753 4066 806 4113 et
839 4064 891 4111 9.
