2917 4967
2 1058 25 1188 ‘a
0 937 8 1050 ’ἡ
0 843 28 894 3

1413 392 1547 465 105

599 628 1042 695 Controversia
1076 626 1158 696 de
1200 626 1503 717 baptismo
1544 627 1777 718 agitata
1804 649 1981 695 suam
2006 627 2197 695 etiam
2219 629 2442 696 habuit

509 744 974 811 efficacitatem.
1063 744 1167 810 Lis
1197 746 1368 810 enim
1393 744 1747 834 composita
1774 760 1871 811 est
1900 745 2250 814 Ecclesiam
2276 748 2445 814 inter

511 864 880 931 Africanam
906 878 974 929 et
1011 862 1320 952 reliquam
1353 861 1823 937 occidentalem,
1843 862 1923 929 de
1944 863 2262 953 baptismo
2290 865 2443 930 hae-

508 982 874 1049 reticorum.
987 981 1192 1069 Hujus
1251 996 1469 1049 autem
1516 983 1829 1049 sententia
1884 982 2111 1049 victrix
2154 982 2277 1049 fuit
2292 1031 2313 1068 ,
2380 1000 2447 1051 et

509 1098 798 1167 universe
819 1115 1079 1192 recepta
1107 1114 1223 1167 est.

1405 1342 1442 1417 S
1487 1358 1551 1401 a.

718 1570 790 1634 V
775 1577 834 1634 is
873 1579 952 1635 eb
968 1569 1320 1659 efficacitas
1349 1575 1418 1633 in
1445 1567 1862 1637 conditionem
1884 1568 2235 1639 Ecclesiae.

517 1860 534 1867 ..
569 1804 892 1895 Magnam
935 1804 1070 1872 vim
1111 1803 1406 1894 profecto
1451 1804 1645 1871 etiam
1675 1812 1743 1869 in
1772 1806 2103 1872 Ecclesiae
2138 1806 2441 1874 conditio·
2524 1820 2530 1824 '

506 1945 650 1987 nem
670 1916 964 1987 habuisse
988 1922 1517 2007 controversiam,
1548 1924 1733 1989 nobis
1757 1925 2144 2008 consentiet,
2169 1924 2445 2014 quisquis

505 2038 703 2104 modo
762 2039 1182 2131 reputaverit,
1245 2056 1551 2129 quantum
1598 2040 1863 2107 valuerit
1895 2030 2337 2108 ”controversia
2366 2042 2448 2107 de

503 2157 798 2222 Ecclesia
825 2157 1058 2247 agitata
1079 2156 1161 2223 ad
1183 2157 1581 2223 excitandam
1604 2171 1669 2223 et
1689 2155 2191 2247 promovendam
2208 2156 2445 2222 hierar*-

500 2275 710 2340 chiam
743 2276 1066 2365 Papalem.
1131 2275 1491 2340 Constituta
1522 2274 1695 2341 enim
1717 2275 1845 2339 una
1872 2274 2129 2340 externa
2157 2274 2445 2340 Ecle

503 2390 622 2481 pe'r
661 2414 920 2455 omnem
950 2406 1260 2455 terrarum
1297 2390 1525 2455 orbem
1562 2387 1789 2454 diffusa
1802 2437 1823 2473 ,
1852 2412 2110 2456 necesse
2149 2398 2285 2456 c‘rat
2304 2438 2325 2475 ,
2370 2407 2447 2459 ut

502 2507 851 2574 universale
889 2506 1211 2573 Ecclesiae
1243 2529 1475 2596 corpus
1507 2507 1856 2573 universale
1882 2507 2075 2573 etiam
2106 2524 2298 2599 caput
2337 2509 2446 2575 ha-

325 2666 334 2675 ·
445 2718 453 2723 .
499 2626 682 2691 beret
697 2672 716 2709 ‚
780 2648 907 2714 quo
969 2625 1200 2690 arctius
1255 2622 1415 2689 illud
1465 2625 1537 2689 in
1586 2647 1783 2689 unum
1807 2628 2197 2721 jungeretur,
2288 2624 2443 2709 Quis
2472 2636 2485 2653 ⁸

499 2764 656 2807 vero
683 2738 843 2807 illud
873 2757 1064 2831 caput
1089 2756 1282 2823 esset,
1329 2738 1683 2806 indicatum
1706 2757 1803 2807 est
1825 2743 1949 2807 hac
1981 2744 2435 2811 controversia.

473 2922 475 2924 ,
502 2859 913 2950 Episcopatui
953 2860 1126 2926 enim
1151 2859 1446 2929 Romano
1482 2859 1789 2925 maximus
1820 2860 2033 2924 honor
2053 2861 2321 2925 tributus
2346 2876 2444 2927 est

501 2978 582 3043 ab
607 2978 958 3068 Augustino
979 2976 1051 3040 in
1077 2998 1264 3041 causa
1294 2962 1773 3042 catholicorum
1804 2975 2223 3043 defendenda.
2304 2978 2438 3067 Ap-

496 3094 771 3185 pellatur
805 3094 1123 3161 Cathedra
1147 3096 1358 3175 Petri,
1391 3096 1713 3183 Principis
1744 3095 2219 3183 Apostolorum:
2248 3110 2441 3183 atque

497 3205 568 3269 in
623 3204 959 3295 Episcopi,
1008 3205 1118 3294 qui
1163 3203 1380 3271 sedem
1423 3204 1601 3269 illam
1645 3218 1949 3294 occupet,
1987 3206 2440 3272 communione

497 3344 632 3387 esse
668 3337 826 3389 nota
857 3339 1180 3405 censetur,
1230 3345 1350 3411 qua
1377 3320 1815 3412 dignoscatur,
1856 3345 1939 3387 an
1967 3321 2191 3411 aliquis
2221 3336 2439 3387 coetus

496 3437 582 3505 ad
631 3462 828 3505 unam
845 3486 864 3523 ‚
913 3455 1196 3505 sanctam
1214 3486 1233 3523 ‚
1282 3438 1681 3505 catholicam
1724 3454 1791 3503 et
1830 3437 2271 3527 Apostolicam
2314 3438 2437 3503 Ec-

496 3554 752 3620 clesiam
810 3556 1149 3645 pertineat.
1267 3554 1417 3621 Non
1484 3556 1715 3620 mirum
1769 3555 1961 3644 igitur
1990 3602 2009 3637 ,
2085 3554 2437 3644 Episcopos

482 3658 816 3737 'Romanos
860 3672 1247 3760 perhibuisse
1270 3718 1290 3753 ‚
1343 3693 1415 3769 se
1443 3686 1791 3760 „tamquam
1838 3692 2229 3737 successores
2260 3670 2437 3735 Petri

493 3805 686 3882 caput
720 3811 854 3855 esse
894 3787 1128 3855 debere
1156 3788 1527 3855 universalis
1565 3788 1887 3855 Ecclesiae
1917 3788 2230 3877 corporis.
2321 3786 2434 3851 At-

495 3930 618 3996 que
644 3907 735 3971 ita
761 3909 898 3994 jam
927 3904 1140 3973 dicere
1161 3905 1373 3995 potuit
1413 3927 1537 3971 nno
1574 3926 1869 3971 memus:
1931 3904 2187 3969 »civitas
2224 3924 2431 3969 sacer-

395 4042 406 4053 ·
499 4024 727 4091 dotalis
780 4040 846 4090 et
901 4023 1074 4113 regia
1117 4044 1236 4113 per
1291 4046 1557 4089 sacram.
1576 4022 1751 4089 beati
1789 4021 1963 4089 Petri
2004 4018 2220 4089 sedem
2249 4035 2439 4109 capue
2476 4110 2488 4121 ι
