<?xml version="1.0" encoding="UTF-8"?>
<!DOCTYPE html PUBLIC "-//W3C//DTD XHTML 1.0 Transitional//EN"
    "http://www.w3.org/TR/xhtml1/DTD/xhtml1-transitional.dtd">
<html xmlns="http://www.w3.org/1999/xhtml" xml:lang="en" lang="en">
 <head>
  <title>
</title>
<meta http-equiv="Content-Type" content="text/html;charset=utf-8" />
  <meta name='ocr-system' content='tesseract 3.04.00' />
  <meta name='ocr-capabilities' content='ocr_page ocr_carea ocr_par ocr_line ocrx_word'/>
</head>
<body>
  <div class='ocr_page' id='page_1' title='image "./deaurelioaugust00rouxgoog_0039.png"; bbox 0 0 2917 4967; ppageno 0'>
   <div class='ocr_carea' id='block_1_1' title="bbox 1251 451 1334 525">
    <p class='ocr_par' dir='ltr' id='par_1_1' title="bbox 1251 451 1334 525">
     <span class='ocr_line' id='line_1_1' title="bbox 1251 451 1334 525; baseline 0.036 -3"><span class='ocrx_word' id='word_1_1' title='bbox 1251 451 1334 525; x_wconf 88' lang='grc'><strong>19</strong></span> 
     </span>
    </p>
   </div>
   <div class='ocr_carea' id='block_1_2' title="bbox 281 686 2271 2191">
    <p class='ocr_par' dir='ltr' id='par_1_2' title="bbox 281 686 2250 1487">
     <span class='ocr_line' id='line_1_2' title="bbox 427 686 2244 780; baseline 0.001 -27"><span class='ocrx_word' id='word_1_2' title='bbox 427 687 516 753; x_wconf 80' lang='lat' dir='ltr'><strong>At</strong></span> <span class='ocrx_word' id='word_1_3' title='bbox 538 686 742 753; x_wconf 87' lang='lat' dir='ltr'><strong>subito</strong></span> <span class='ocrx_word' id='word_1_4' title='bbox 770 688 931 753; x_wconf 88' lang='lat' dir='ltr'><strong>hanc</strong></span> <span class='ocrx_word' id='word_1_5' title='bbox 954 686 1308 757; x_wconf 85' lang='lat' dir='ltr'><strong>libertatem</strong></span> <span class='ocrx_word' id='word_1_6' title='bbox 1335 690 1565 755; x_wconf 87' lang='lat' dir='ltr'><strong>iterum</strong></span> <span class='ocrx_word' id='word_1_7' title='bbox 1591 688 1949 755; x_wconf 87' lang='lat' dir='ltr'><strong>amiserunt.</strong></span> <span class='ocrx_word' id='word_1_8' title='bbox 2006 687 2244 780; x_wconf 84' lang='lat' dir='ltr'><strong>Singuli</strong></span> 
     </span>
     <span class='ocr_line' id='line_1_3' title="bbox 337 804 2243 895; baseline 0.001 -26"><span class='ocrx_word' id='word_1_9' title='bbox 337 804 509 869; x_wconf 88' lang='lat' dir='ltr'><strong>enim</strong></span> <span class='ocrx_word' id='word_1_10' title='bbox 523 852 541 888; x_wconf 90' lang='lat'>‚</span> <span class='ocrx_word' id='word_1_11' title='bbox 590 805 695 893; x_wconf 88' lang='lat' dir='ltr'><strong>qui</strong></span> <span class='ocrx_word' id='word_1_12' title='bbox 722 804 1030 869; x_wconf 78' lang='lat' dir='ltr'><strong>Iulianum</strong></span> <span class='ocrx_word' id='word_1_13' title='bbox 1062 806 1259 871; x_wconf 85' lang='lat' dir='ltr'><strong>secuti</strong></span> <span class='ocrx_word' id='word_1_14' title='bbox 1287 819 1431 871; x_wconf 86' lang='lat' dir='ltr'><strong>sunt</strong></span> <span class='ocrx_word' id='word_1_15' title='bbox 1462 806 1875 895; x_wconf 81' lang='lat' dir='ltr'>Imperatores</span> <span class='ocrx_word' id='word_1_16' title='bbox 1888 854 1907 888; x_wconf 92' lang='lat'>‚</span> <span class='ocrx_word' id='word_1_17' title='bbox 1954 828 2243 895; x_wconf 86' lang='lat' dir='ltr'><strong>persecu·</strong></span> 
     </span>
     <span class='ocr_line' id='line_1_4' title="bbox 339 922 2243 1014; baseline 0 -27"><span class='ocrx_word' id='word_1_18' title='bbox 339 922 612 987; x_wconf 79' lang='lat' dir='ltr'><strong>tionibus</strong></span> <span class='ocrx_word' id='word_1_19' title='bbox 647 924 1014 1014; x_wconf 85' lang='lat' dir='ltr'><strong>gravissimis</strong></span> <span class='ocrx_word' id='word_1_20' title='bbox 1040 922 1120 989; x_wconf 86' lang='lat' dir='ltr'><strong>ad</strong></span> <span class='ocrx_word' id='word_1_21' title='bbox 1145 923 1462 989; x_wconf 78' lang='lat' dir='ltr'><strong>Ecclesiae</strong></span> <span class='ocrx_word' id='word_1_22' title='bbox 1495 925 2004 989; x_wconf 81' lang='lat' dir='ltr'><strong>communionem</strong></span> <span class='ocrx_word' id='word_1_23' title='bbox 2029 924 2243 987; x_wconf 87' lang='lat' dir='ltr'><strong>Dona-</strong></span> 
     </span>
     <span class='ocr_line' id='line_1_5' title="bbox 281 1039 2247 1131; baseline 0 -26"><span class='ocrx_word' id='word_1_24' title='bbox 281 1082 288 1089; x_wconf 88' lang='lat'><strong>·</strong></span> <span class='ocrx_word' id='word_1_25' title='bbox 336 1041 510 1107; x_wconf 87' lang='lat' dir='ltr'><strong>tistas</strong></span> <span class='ocrx_word' id='word_1_26' title='bbox 549 1064 778 1131; x_wconf 85' lang='lat' dir='ltr'><strong>cogere</strong></span> <span class='ocrx_word' id='word_1_27' title='bbox 801 1039 1072 1107; x_wconf 80' lang='lat' dir='ltr'><strong>student.</strong></span> <span class='ocrx_word' id='word_1_28' title='bbox 1102 1077 1188 1093; x_wconf 89' lang='lat'><strong>--</strong></span> <span class='ocrx_word' id='word_1_29' title='bbox 1208 1041 1330 1108; x_wconf 83' lang='lat' dir='ltr'><strong>Vel</strong></span> <span class='ocrx_word' id='word_1_30' title='bbox 1352 1042 1442 1106; x_wconf 80' lang='lat' dir='ltr'><strong>sie</strong></span> <span class='ocrx_word' id='word_1_31' title='bbox 1474 1057 1684 1107; x_wconf 83' lang='lat' dir='ltr'><strong>tamen</strong></span> <span class='ocrx_word' id='word_1_32' title='bbox 1710 1041 1830 1131; x_wconf 86' lang='lat' dir='ltr'><strong>ipsi</strong></span> <span class='ocrx_word' id='word_1_33' title='bbox 1859 1040 2127 1107; x_wconf 79' lang='lat' dir='ltr'><strong>maxime</strong></span> <span class='ocrx_word' id='word_1_34' title='bbox 2154 1042 2247 1105; x_wconf 89' lang='lat' dir='ltr'><strong>in·</strong></span> 
     </span>
     <span class='ocr_line' id='line_1_6' title="bbox 339 1156 2245 1249; baseline 0 -26"><span class='ocrx_word' id='word_1_35' title='bbox 339 1158 594 1224; x_wconf 85' lang='lat' dir='ltr'><strong>teritum</strong></span> <span class='ocrx_word' id='word_1_36' title='bbox 629 1160 747 1224; x_wconf 89' lang='lat' dir='ltr'><strong>sibi</strong></span> <span class='ocrx_word' id='word_1_37' title='bbox 783 1181 1028 1249; x_wconf 84' lang='lat' dir='ltr'><strong>parasse</strong></span> <span class='ocrx_word' id='word_1_38' title='bbox 1070 1157 1366 1225; x_wconf 86' lang='lat' dir='ltr'><strong>censendi</strong></span> <span class='ocrx_word' id='word_1_39' title='bbox 1405 1176 1591 1243; x_wconf 68' lang='lat' dir='ltr'><strong>suut,</strong></span> <span class='ocrx_word' id='word_1_40' title='bbox 1629 1159 1708 1223; x_wconf 85' lang='lat' dir='ltr'><strong>ab</strong></span> <span class='ocrx_word' id='word_1_41' title='bbox 1740 1181 1907 1223; x_wconf 85' lang='lat' dir='ltr'><strong>anno</strong></span> <span class='ocrx_word' id='word_1_42' title='bbox 1939 1157 2087 1223; x_wconf 89' lang='lat' dir='ltr'><strong>inde</strong></span> <span class='ocrx_word' id='word_1_43' title='bbox 2122 1156 2245 1247; x_wconf 76' lang='lat'><strong>377</strong></span> 
     </span>
     <span class='ocr_line' id='line_1_7' title="bbox 339 1276 2250 1364; baseline 0 -23"><span class='ocrx_word' id='word_1_44' title='bbox 339 1277 526 1341; x_wconf 86' lang='lat' dir='ltr'><strong>sectis</strong></span> <span class='ocrx_word' id='word_1_45' title='bbox 551 1278 718 1343; x_wconf 89' lang='lat' dir='ltr'><strong>iuter</strong></span> <span class='ocrx_word' id='word_1_46' title='bbox 748 1300 856 1343; x_wconf 83' lang='lat' dir='ltr'><strong>eos</strong></span> <span class='ocrx_word' id='word_1_47' title='bbox 887 1278 1072 1361; x_wconf 84' lang='lat' dir='ltr'><strong>ortis,</strong></span> <span class='ocrx_word' id='word_1_48' title='bbox 1119 1276 1715 1343; x_wconf 77' lang='lat' dir='ltr'><strong>Maximianistarum</strong></span> <span class='ocrx_word' id='word_1_49' title='bbox 1742 1277 2009 1345; x_wconf 82' lang='lat' dir='ltr'><strong>maxime</strong></span> <span class='ocrx_word' id='word_1_50' title='bbox 2023 1323 2042 1359; x_wconf 93' lang='lat'>,</span> <span class='ocrx_word' id='word_1_51' title='bbox 2090 1298 2250 1364; x_wconf 84' lang='lat' dir='ltr'><strong>quae</strong></span> 
     </span>
     <span class='ocr_line' id='line_1_8' title="bbox 341 1393 1839 1487; baseline 0.003 -30"><span class='ocrx_word' id='word_1_52' title='bbox 341 1414 409 1459; x_wconf 88' lang='lat' dir='ltr'><strong>se</strong></span> <span class='ocrx_word' id='word_1_53' title='bbox 435 1394 706 1461; x_wconf 85' lang='lat' dir='ltr'><strong>invicem</strong></span> <span class='ocrx_word' id='word_1_54' title='bbox 728 1402 1038 1484; x_wconf 81' lang='lat' dir='ltr'><strong>persecuti</strong></span> <span class='ocrx_word' id='word_1_55' title='bbox 1066 1410 1209 1460; x_wconf 83' lang='lat' dir='ltr'><strong>sunt</strong></span> <span class='ocrx_word' id='word_1_56' title='bbox 1234 1410 1299 1460; x_wconf 86' lang='lat' dir='ltr'><strong>et</strong></span> <span class='ocrx_word' id='word_1_57' title='bbox 1322 1393 1761 1462; x_wconf 82' lang='lat' dir='ltr'><strong>dilaceramnt.</strong></span> <span class='ocrx_word' id='word_1_58' title='bbox 1834 1480 1839 1487; x_wconf 29' lang='grc' dir='ltr'>Ι</span> 
     </span>
    </p>

    <p class='ocr_par' dir='ltr' id='par_1_3' title="bbox 342 1508 2271 2191">
     <span class='ocr_line' id='line_1_9' title="bbox 432 1508 2256 1603; baseline 0 -28"><span class='ocrx_word' id='word_1_59' title='bbox 432 1510 634 1577; x_wconf 85' lang='lat' dir='ltr'><strong>Simul</strong></span> <span class='ocrx_word' id='word_1_60' title='bbox 655 1511 1058 1577; x_wconf 75' lang='lat' dir='ltr'><strong>Adversarius</strong></span> <span class='ocrx_word' id='word_1_61' title='bbox 1091 1514 1260 1579; x_wconf 82' lang='lat' dir='ltr'><strong>nacti</strong></span> <span class='ocrx_word' id='word_1_62' title='bbox 1295 1528 1439 1579; x_wconf 84' lang='lat' dir='ltr'><strong>sunt</strong></span> <span class='ocrx_word' id='word_1_63' title='bbox 1480 1512 1726 1603; x_wconf 86' lang='lat' dir='ltr'><strong>seriptis</strong></span> <span class='ocrx_word' id='word_1_64' title='bbox 1762 1534 1871 1579; x_wconf 86' lang='lat' dir='ltr'><strong>eos</strong></span> <span class='ocrx_word' id='word_1_65' title='bbox 1896 1508 2256 1603; x_wconf 79' lang='lat' dir='ltr'><strong>aggredien-</strong></span> 
     </span>
     <span class='ocr_line' id='line_1_10' title="bbox 342 1627 2257 1721; baseline 0.001 -29"><span class='ocrx_word' id='word_1_66' title='bbox 342 1643 460 1693; x_wconf 82' lang='lat' dir='ltr'><strong>tes.</strong></span> <span class='ocrx_word' id='word_1_67' title='bbox 555 1629 632 1692; x_wconf 89' lang='lat' dir='ltr'><strong>In</strong></span> <span class='ocrx_word' id='word_1_68' title='bbox 680 1629 778 1693; x_wconf 86' lang='lat' dir='ltr'><strong>his</strong></span> <span class='ocrx_word' id='word_1_69' title='bbox 823 1651 1120 1695; x_wconf 71' lang='lat' dir='ltr'><strong>crurum</strong></span> <span class='ocrx_word' id='word_1_70' title='bbox 1160 1632 1543 1721; x_wconf 76' lang='lat' dir='ltr'><strong>Episcopum</strong></span> <span class='ocrx_word' id='word_1_71' title='bbox 1572 1629 1998 1695; x_wconf 78' lang='lat' dir='ltr'><strong>Milevitanum</strong></span> <span class='ocrx_word' id='word_1_72' title='bbox 2014 1676 2032 1711; x_wconf 88' lang='lat'>‚</span> <span class='ocrx_word' id='word_1_73' title='bbox 2068 1627 2257 1693; x_wconf 86' lang='lat' dir='ltr'><strong>maxi·</strong></span> 
     </span>
     <span class='ocr_line' id='line_1_11' title="bbox 348 1743 2271 1837; baseline -0.001 -28"><span class='ocrx_word' id='word_1_74' title='bbox 348 1766 454 1809; x_wconf 89' lang='lat' dir='ltr'><strong>me</strong></span> <span class='ocrx_word' id='word_1_75' title='bbox 497 1766 649 1809; x_wconf 82' lang='lat' dir='ltr'><strong>vero</strong></span> <span class='ocrx_word' id='word_1_76' title='bbox 689 1768 1100 1812; x_wconf 63' lang='lat' dir='ltr'><strong>Avensa-mun</strong></span> <span class='ocrx_word' id='word_1_77' title='bbox 1115 1796 1133 1831; x_wconf 88' lang='lat'>‚</span> <span class='ocrx_word' id='word_1_78' title='bbox 1170 1746 1252 1813; x_wconf 87' lang='lat' dir='ltr'><strong>de</strong></span> <span class='ocrx_word' id='word_1_79' title='bbox 1276 1771 1402 1836; x_wconf 89' lang='lat' dir='ltr'><strong>quo</strong></span> <span class='ocrx_word' id='word_1_80' title='bbox 1431 1771 1599 1813; x_wconf 89' lang='lat' dir='ltr'><strong>nunc</strong></span> <span class='ocrx_word' id='word_1_81' title='bbox 1629 1748 1716 1813; x_wconf 86' lang='lat' dir='ltr'><strong>ita</strong></span> <span class='ocrx_word' id='word_1_82' title='bbox 1742 1746 1923 1812; x_wconf 86' lang='lat' dir='ltr'><strong>nobis</strong></span> <span class='ocrx_word' id='word_1_83' title='bbox 1952 1743 2271 1837; x_wconf 83' lang='lat' dir='ltr'><strong>agendum·</strong></span> 
     </span>
     <span class='ocr_line' id='line_1_12' title="bbox 348 1860 2266 1955; baseline 0 -28"><span class='ocrx_word' id='word_1_84' title='bbox 348 1860 500 1943; x_wconf 86' lang='lat' dir='ltr'><strong>erit,</strong></span> <span class='ocrx_word' id='word_1_85' title='bbox 548 1876 619 1925; x_wconf 89' lang='lat' dir='ltr'><strong>ut</strong></span> <span class='ocrx_word' id='word_1_86' title='bbox 642 1863 838 1951; x_wconf 87' lang='lat' dir='ltr'><strong>priori</strong></span> <span class='ocrx_word' id='word_1_87' title='bbox 864 1862 1294 1953; x_wconf 82' lang='lat' dir='ltr'><strong>disputationis</strong></span> <span class='ocrx_word' id='word_1_88' title='bbox 1317 1880 1496 1955; x_wconf 84' lang='lat' dir='ltr'><strong>parte</strong></span> <span class='ocrx_word' id='word_1_89' title='bbox 1524 1874 1802 1955; x_wconf 76' lang='lat' dir='ltr'><strong>agitatae</strong></span> <span class='ocrx_word' id='word_1_90' title='bbox 1841 1888 1980 1930; x_wconf 81' lang='lat' dir='ltr'><strong>eum</strong></span> <span class='ocrx_word' id='word_1_91' title='bbox 2006 1870 2172 1927; x_wconf 79' lang='lat' dir='ltr'><strong>inter</strong></span> <span class='ocrx_word' id='word_1_92' title='bbox 2199 1873 2266 1929; x_wconf 81' lang='lat' dir='ltr'><strong>et</strong></span> 
     </span>
     <span class='ocr_line' id='line_1_13' title="bbox 349 1980 2257 2071; baseline 0.002 -29"><span class='ocrx_word' id='word_1_93' title='bbox 349 1980 718 2045; x_wconf 61' lang='lat' dir='ltr'><strong>Donatistae</strong></span> <span class='ocrx_word' id='word_1_94' title='bbox 769 1991 1220 2049; x_wconf 76' lang='lat' dir='ltr'><strong>controversiae</strong></span> <span class='ocrx_word' id='word_1_95' title='bbox 1283 1984 1721 2065; x_wconf 70' lang='lat' dir='ltr'><strong>historiam,</strong></span> <span class='ocrx_word' id='word_1_96' title='bbox 1787 1981 1983 2047; x_wconf 64' lang='lat' dir='ltr'><strong>altera</strong></span> <span class='ocrx_word' id='word_1_97' title='bbox 2037 2002 2257 2071; x_wconf 80' lang='lat' dir='ltr'><strong>argu·</strong></span> 
     </span>
     <span class='ocr_line' id='line_1_14' title="bbox 350 2100 1242 2191; baseline 0.007 -30"><span class='ocrx_word' id='word_1_98' title='bbox 350 2112 676 2179; x_wconf 62' lang='lat' dir='ltr'><strong>meatum</strong></span> <span class='ocrx_word' id='word_1_99' title='bbox 707 2122 1090 2188; x_wconf 87' lang='lat' dir='ltr'><strong>exponamus</strong></span> <span class='ocrx_word' id='word_1_100' title='bbox 1124 2100 1242 2191; x_wconf 89' lang='lat'>(1).</span> 
     </span>
    </p>
   </div>
   <div class='ocr_carea' id='block_1_3' title="bbox 401 2351 2268 2587">
    <p class='ocr_par' dir='ltr' id='par_1_4' title="bbox 401 2351 2268 2587">
     <span class='ocr_line' id='line_1_15' title="bbox 401 2351 2268 2421; baseline 0.002 -19"><span class='ocrx_word' id='word_1_101' title='bbox 401 2351 480 2421; x_wconf 84' lang='lat'><strong>(1)</strong></span> <span class='ocrx_word' id='word_1_102' title='bbox 515 2356 719 2405; x_wconf 77' lang='lat' dir='ltr'><strong>Praeter</strong></span> <span class='ocrx_word' id='word_1_103' title='bbox 740 2371 973 2407; x_wconf 74' lang='lat' dir='ltr'><strong>numm</strong></span> <span class='ocrx_word' id='word_1_104' title='bbox 989 2362 1040 2407; x_wconf 81' lang='lat' dir='ltr'><strong>et</strong></span> <span class='ocrx_word' id='word_1_105' title='bbox 1055 2372 1288 2409; x_wconf 72' lang='lat' dir='ltr'><strong>notrum</strong></span> <span class='ocrx_word' id='word_1_106' title='bbox 1307 2392 1321 2421; x_wconf 88' lang='lat'>,</span> <span class='ocrx_word' id='word_1_107' title='bbox 1340 2358 1402 2407; x_wconf 80' lang='lat' dir='ltr'><strong>dc</strong></span> <span class='ocrx_word' id='word_1_108' title='bbox 1413 2354 1627 2408; x_wconf 69' lang='lat' dir='ltr'><strong>historia</strong></span> <span class='ocrx_word' id='word_1_109' title='bbox 1642 2356 1929 2408; x_wconf 71' lang='lat' dir='ltr'><strong>schismati·</strong></span> <span class='ocrx_word' id='word_1_110' title='bbox 1946 2372 2066 2421; x_wconf 72' lang='lat' dir='ltr'><strong>prae</strong></span> <span class='ocrx_word' id='word_1_111' title='bbox 2084 2357 2268 2407; x_wconf 72' lang='lat' dir='ltr'><strong>ceteri·</strong></span> 
     </span>
     <span class='ocr_line' id='line_1_16' title="bbox 529 2434 2267 2507; baseline 0 -20"><span class='ocrx_word' id='word_1_112' title='bbox 529 2434 611 2487; x_wconf 54' lang='grc' dir='ltr'><strong>οἱ</strong></span> <span class='ocrx_word' id='word_1_113' title='bbox 633 2446 898 2489; x_wconf 59' lang='lat' dir='ltr'><strong>minoren</strong></span> <span class='ocrx_word' id='word_1_114' title='bbox 913 2441 1006 2507; x_wconf 83' lang='lat' dir='ltr'><strong>Op.</strong></span> <span class='ocrx_word' id='word_1_115' title='bbox 1025 2440 1063 2492; x_wconf 81' lang='lat'><strong>1.</strong></span> <span class='ocrx_word' id='word_1_116' title='bbox 1089 2438 1144 2489; x_wconf 79' lang='grc' dir='ltr'><strong>Τ.</strong></span> <span class='ocrx_word' id='word_1_117' title='bbox 1165 2440 1226 2491; x_wconf 69' lang='lat' dir='ltr'><strong>V.</strong></span> <span class='ocrx_word' id='word_1_118' title='bbox 1243 2456 1296 2506; x_wconf 85' lang='lat' dir='ltr'><strong>p.</strong></span> <span class='ocrx_word' id='word_1_119' title='bbox 1317 2437 1416 2491; x_wconf 73' lang='lat'><strong>800</strong></span> <span class='ocrx_word' id='word_1_120' title='bbox 1433 2452 1574 2504; x_wconf 68' lang='lat' dir='ltr'><strong>seqq.</strong></span> <span class='ocrx_word' id='word_1_121' title='bbox 1595 2440 1654 2491; x_wconf 78' lang='grc' dir='ltr'><strong>Τ.</strong></span> <span class='ocrx_word' id='word_1_122' title='bbox 1669 2439 1759 2490; x_wconf 69' lang='lat' dir='ltr'><strong>VI.</strong></span> <span class='ocrx_word' id='word_1_123' title='bbox 1779 2454 1831 2505; x_wconf 83' lang='lat' dir='ltr'><strong>p.</strong></span> <span class='ocrx_word' id='word_1_124' title='bbox 1849 2436 1951 2489; x_wconf 68' lang='lat'><strong>254</strong></span> <span class='ocrx_word' id='word_1_125' title='bbox 1970 2448 2111 2501; x_wconf 68' lang='lat' dir='ltr'><strong>seqq.</strong></span> <span class='ocrx_word' id='word_1_126' title='bbox 2131 2438 2267 2489; x_wconf 72' lang='lat' dir='ltr'><strong>r-xt</strong></span> 
     </span>
     <span class='ocr_line' id='line_1_17' title="bbox 530 2517 2147 2587; baseline 0.001 -16"><span class='ocrx_word' id='word_1_127' title='bbox 530 2530 582 2583; x_wconf 77' lang='lat' dir='ltr'><strong>p·</strong></span> <span class='ocrx_word' id='word_1_128' title='bbox 603 2517 706 2569; x_wconf 75' lang='lat'><strong>864</strong></span> <span class='ocrx_word' id='word_1_129' title='bbox 721 2535 865 2583; x_wconf 72' lang='lat' dir='ltr'><strong>seqq·</strong></span> <span class='ocrx_word' id='word_1_130' title='bbox 895 2524 952 2573; x_wconf 75' lang='lat' dir='ltr'><strong>ot</strong></span> <span class='ocrx_word' id='word_1_131' title='bbox 976 2536 1100 2573; x_wconf 71' lang='lat' dir='ltr'><strong>nnn</strong></span> <span class='ocrx_word' id='word_1_132' title='bbox 1110 2538 1200 2575; x_wconf 76' lang='lat' dir='ltr'><strong>nn</strong></span> <span class='ocrx_word' id='word_1_133' title='bbox 1234 2523 1329 2587; x_wconf 76' lang='lat' dir='ltr'><strong>Op.</strong></span> <span class='ocrx_word' id='word_1_134' title='bbox 1360 2522 1398 2571; x_wconf 84' lang='grc' dir='ltr'><strong>Ι.</strong></span> <span class='ocrx_word' id='word_1_135' title='bbox 1432 2522 1490 2571; x_wconf 78' lang='lat'><strong>1⁸.</strong></span> <span class='ocrx_word' id='word_1_136' title='bbox 1522 2521 1575 2569; x_wconf 85' lang='lat'><strong>11</strong></span> <span class='ocrx_word' id='word_1_137' title='bbox 1609 2537 1666 2587; x_wconf 79' lang='lat' dir='ltr'><strong>p.</strong></span> <span class='ocrx_word' id='word_1_138' title='bbox 1706 2523 1841 2587; x_wconf 72' lang='grc'><strong>1.,1».</strong></span> <span class='ocrx_word' id='word_1_139' title='bbox 1858 2518 2147 2573; x_wconf 75' lang='lat'><strong>402-—420.</strong></span> 
     </span>
    </p>
   </div>
  </div>
 </body>
</html>
