2917 4967
1331 392 1467 465 103

980 630 987 640 ’
1031 630 1338 695 suono
1376 631 1751 696 ALTERA.

712 842 1227 888 CONOEROVBRSIAB
1269 842 1367 885 vls
1410 843 1491 885 ΒΤ
1536 842 1941 888 ΕΒΡῙΟΑῦΙΤΔῧ
1985 845 2055 887 m

1065 962 1200 1005 uu
1245 961 1705 1006 cuiusmuluu.

1279 1160 1573 1185 --ὧθὺ

508 1346 724 1413 Facile
777 1346 920 1433 quis
969 1348 1105 1431 jam
1161 1344 1462 1433 suspicari
1518 1345 1757 1433 poterit
1774 1391 1793 1427 ‚
1862 1347 2357 1413 controversiam

424 1464 723 1555 agitatam
745 1484 1040 1553 magnam
1063 1462 1401 1527 exseruisse
1421 1462 1556 1527 vim
1577 1477 1643 1528 et
1668 1460 2108 1529 efficacitatem
2133 1466 2199 1530 in
2222 1490 2359 1533 rem

425 1580 846 1647 Christianam
863 1626 881 1661 ,
917 1600 1136 1643 secum
1173 1591 1472 1668 reputans
1491 1625 1511 1661 ‚
1532 1596 1535 1599 ’
1557 1578 1727 1666 quali
1759 1594 2115 1669 quantaque
2148 1599 2364 1650 aucto-

423 1698 612 1765 ritate
653 1699 724 1761 in
763 1696 1047 1762 Ecclesia
1062 1742 1082 1779 ,
1139 1718 1288 1761 cum
1328 1696 1544 1761 vivens
1563 1743 1582 1778 ,
1620 1711 1758 1761 tum
1802 1697 1993 1764 etiam
2021 1714 2167 1787 post
2188 1723 2359 1767 mor-

427 1830 561 1881 tem
580 1862 600 1899 ,
646 1814 889 1905 gavisus
931 1813 1045 1896 sit,
1093 1812 1201 1901 qui
1231 1812 1467 1901 primas
1510 1812 1581 1877 in
1606 1834 1683 1877 ea
1710 1828 1919 1902 partes
1946 1814 2096 1906 egit.
2190 1816 2369 1885 Haec

394 1950 398 1959 ’
431 1948 645 1999 autem
701 1932 975 2021 suspicio
1027 1930 1437 1997 confirmatur
1451 1978 1471 2015 ,
1518 1932 1573 1997 si
1600 1932 1930 1999 historiam
1960 1936 2363 2003 consulimus.

429 2052 526 2117 Ea
563 2051 737 2117 enim
777 2064 968 2133 teste,
1006 2072 1417 2140 permagnam
1453 2050 1585 2115 vim
1632 2064 1697 2116 et
1728 2050 2169 2120 efficacitatem
2183 2103 2202 2137 ,
2236 2070 2374 2121 tum

430 2170 503 2235 in
548 2168 900 2235 doctrinam
947 2168 1370 2235 Christianam
1387 2216 1408 2251 ‚
1455 2182 1597 2235 tum
1630 2168 1701 2235 in
1727 2170 2057 2237 Ecclesiae
2080 2172 2377 2239 conditio-

436 2308 579 2353 nem
603 2288 772 2353 hanc
803 2286 1299 2352 controversiam
1325 2286 1654 2367 habuisse,
1702 2284 2030 2354 docemur.

1325 2522 1361 2599 s
1426 2542 1480 2583 ι.

624 2756 739 2821 Vis
783 2766 847 2820 et
873 2712 1224 2845 efficacitas
1259 2758 1328 2817 in
1359 2752 1711 2819 doctrinam
1754 2752 2198 2821 Christianam.

535 2990 838 3057 Omnium
891 2960 1161 3053 maxime
1213 2986 1306 3051 vis
1349 2983 1462 3051 illa
1504 3001 1572 3052 et
1610 2984 1951 3053 efficacitas
1996 2991 2382 3081 conspicitur

445 3110 516 3175 in
573 3107 864 3198 dogmate
912 3105 992 3171 de
1034 3103 1328 3169 Ecclesia
1379 3102 1629 3171 exculto
1686 3117 1754 3169 et
1802 3104 2137 3195 explicato.
2218 3108 2388 3175 Illud

451 3226 620 3293 enim
635 3274 653 3309 ,
715 3248 754 3289 a
805 3224 997 3315 longe
1050 3220 1200 3287 inde
1247 3234 1539 3312 tempore
1600 3222 1681 3286 ab
1744 3222 2065 3289 Ecclesiae
2114 3223 2389 3291 doctori·
2490 3227 2493 3239 '

449 3344 574 3409 bus
631 3340 836 3409 excoli
905 3354 1202 3430 coeptum
1220 3386 1239 3422 ‚
1294 3338 1420 3404 hac
1471 3336 1730 3403 demum
1770 3343 2201 3407 controversia
2240 3364 2389 3408 con-

449 3474 831 3527 summatum
860 3473 1050 3547 atque
1083 3456 1442 3522 absolutum
1470 3470 1585 3522 est.
1650 3456 2062 3523 Accesserant
2096 3458 2350 3547 quidem
2363 3508 2383 3542 ,

451 3600 582 3643 una
605 3590 752 3667 post
779 3576 1041 3641 alteram
1055 3622 1074 3657 ,
1095 3574 1417 3641 Ecclesiae
1432 3621 1451 3656 ,
1480 3596 1643 3661 quae
1666 3571 2036 3639 dicebantur
2052 3623 2071 3658 ,
2092 3574 2383 3669 virtutes²

451 3696 544 3761 ita
585 3707 659 3759 ut
703 3691 1063 3783 symbolum
1112 3689 2201 3781 Nicaeno-Constantinopolitanum
2256 3716 2392 3760 cre-

455 3810 608 3878 dere
635 3810 1000 3875 Christianis
1039 3808 1431 3897 imponeret:
1482 3828 1615 3873 esse
1640 3832 1829 3873 unam
1845 3856 1864 3891 ,
1901 3808 2284 3875 Catholicam
2327 3827 2393 3876 et

454 3918 882 4019 Apostclicam
915 3926 1300 4010 Ecclesiam3
1349 3940 1416 3991 at
1437 3925 1561 3991 hae
1584 3925 1904 3993 Ecclesiae
1931 3927 2191 3995 virtutes
2219 3952 2389 3997 nunc

459 4045 718 4113 demum
773 4058 1064 4113 accurate
1121 4042 1416 4113 definitae
1431 4092 1450 4127 ,
1504 4058 1569 4110 et
1630 4030 2003 4112 auctoritate
2055 4047 2391 4139 Augustini
