2917 4967
1387 340 1433 413 7

455 576 537 641 de
583 577 891 667 religione
935 592 1001 641 et
1041 576 1122 643 de
1179 578 1581 667 philosophia
1636 592 1805 643 totus
1852 594 2123 644 vacaret.
2216 580 2382 645 Hinc

453 694 695 759 factum
712 742 732 776 ‚
779 709 850 758 ut
881 694 1187 761 nonnulla
1218 697 1348 781 ejus
1378 717 1573 785 opera
1588 741 1607 778 ,
1655 694 2077 785 philosophici
2118 697 2387 763 maxime

454 811 837 907 argumenti,¹
899 826 964 877 et
1011 810 1324 902 dialogica
1373 813 1621 878 natione
1676 804 2037 901 conscripta
2054 861 2072 895 ,
2134 836 2212 879 ex
2261 815 2382 879 hac

387 1014 389 1020 ¹
451 926 600 993 villa
627 928 696 993 in
723 927 934 993 lucem
959 926 1338 1018 prodierint.
1399 966 1404 971 ·

343 1024 350 1032 ’
539 1048 730 1111 Αιιιιο
755 1044 908 1135 387,
944 1070 1092 1113 cum
1115 1046 1326 1113 amieo
1342 1046 1577 1138 Alypio
1602 1062 1669 1113 et
1690 1044 2027 1112 Adeodato
2050 1044 2213 1129 filio,
2244 1046 2381 1113 Me·

443 1164 690 1241 diolani
721 1165 803 1230 ab
833 1165 1174 1231 Ambrosio
1207 1166 1554 1255 baptizatus
1588 1180 1705 1233 est.
1764 1164 1954 1255 Fugit
1985 1180 2122 1229 tum
2146 1165 2227 1229 ab
2258 1186 2339 1229 eo
2357 1213 2376 1245 ,

333 1276 346 1289 “
449 1298 524 1347 nt
565 1282 686 1364 ait,
719 1282 1084 1348 sollicitudo
1118 1274 1284 1348 vitae
1314 1284 1691 1373 praeteritae
1706 1330 1727 1366 ,
1756 1298 1823 1349 et
1864 1298 2001 1348 erat
2029 1282 2194 1349 bene
2232 1284 2375 1371 ipsi.

447 1400 609 1466 Mox
633 1394 966 1467 consilium
981 1401 1154 1490 cepit
1169 1402 1240 1465 in
1255 1398 1547 1466 Africam'
1560 1399 1908 1466 remeandi.
1968 1401 2044 1465 In
2066 1401 2207 1490 ipso
2228 1422 2382 1466 vero

447 1520 676 1585 itinere
689 1568 709 1602 ,
770 1518 960 1588 Ostiis
1008 1518 1353 1602 Tiberinis,
1409 1534 1681 1584 man-em
1699 1516 1887 1583 'suam
1913 1534 2121 1584 morte
2148 1518 2379 1584 amisit.

453 1634 623 1700 Hinc
655 1636 898 1705 Romae
939 1634 1323 1724 aliquamdiu
1358 1636 1632 1703 substitit
1645 1683 1666 1718 ‚
1713 1636 1825 1701 ubi
1866 1651 2111 1701 veteres
2144 1636 2382 1701 amicos

451 1752 811 1818 inveniebat
865 1753 1295 1821 ManichanS.
1387 1754 1475 1819 Hi
1512 1774 1817 1821 renovare
1860 1754 2203 1820 amicitiam
2238 1775 2385 1819 cum
2444 1804 2459 1823 .

446 1868 798 1961 Augustino
843 1871 1167 1960 cupientes
1184 1918 1204 1955 ‚
1257 1894 1370 1962 spe
1417 1886 1489 1937 et
1540 1872 2012 1962 {exspectatione
2062 1870 2389 1936 frustratos

445 2008 518 2053 se
563 1985 889 2061 viderunt.
983 1988 1258 2055 Omnem
1316 1989 1488 2055 enim
1536 2011 1683 2055 cum
1733 1989 1811 2055 iis
1873 1990 2388 2055 communionem

451 2102 825 2195 effugiebat3
879 2106 1082 2195 iisque
1116 2128 1366 2173 errores
1411 2130 1489 2172 ac
1528 2107 1729 2172 malos
1762 2129 1973 2173 mores
2012 2107 2389 2194 objiciebat;

447 2222 581 2287 imo
605 2237 674 2287 et
695 2222 951 2312 publice
986 2246 1096 2291 eos
1112 2271 1133 2306 ‚
1169 2247 1316 2289 cum
1337 2225 1586 2315 scriptis
1602 2272 1623 2308 ,
1650 2240 1789 2291 tum
1816 2224 2149 2314 colloquiis
2172 2246 2390 2316 aggre-

449 2336 764 2405 diebamr.

533 2455 820 2522 Tandem
849 2459 920 2523 in
948 2458 1233 2523 Africam
1255 2457 1446 2523 rediit
1472 2480 1639 2524 anno
1662 2473 1931 2523 exeunte
1958 2456 2110 2539 388,
2145 2458 2383 2545 ibique,

451 2570 628 2659 quod
650 2569 893 2638 dudum
929 2575 1142 2638 animo
1167 2575 1449 2639 volverat
1466 2622 1486 2657 ‚
1533 2574 1803 2663 perfecit
1819 2621 1839 2658 ‚
1886 2588 1959 2638 ut
1988 2596 2135 2639 cum
2172 2575 2391 2662 paucis

449 2689 691 2772 anneis,
729 2712 766 2754 a
797 2690 1023 2756 ceteris
1055 2690 1418 2755 hominibus
1446 2704 1827 2780 segregatus,
1858 2691 1929 2754 in
1958 2712 2137 2781 agro,
2161 2688 2392 2779 Tagas-

443 2819 550 2871 tae
579 2806 791 2871 vicino
813 2853 833 2890 ‚
867 2818 1389 2872 commoraretur.
1483 2804 1609 2871 Hic
1638 2828 1757 2897 per
1790 2822 1919 2873 tres
1954 2828 2151 2871 annos
2196 2806 2391 2871 vitam

443 2922 894 2997 Monachicam
919 2924 1070 3015 egit.
1119 2924 1361 2991 Locum
1377 2972 1397 3009 ,
1426 2924 1538 2990 ubi
1562 2924 1810 2990 vivebat
1824 2971 1845 3008 ‚
1873 2925 2009 3014 ipse
2034 2918 2390 3014 appellabat

443 3042 924 3109 Mona-sterium.
994 3041 1257 3109 Interim
1279 3064 1432 3108 vero
1461 3040 1806 3108 sanctitatis
1838 3044 1969 3130 ejus
1990 3040 2161 3105 fama
2188 3041 2389 3107 ubivis

440 3162 789 3227 crescebat.
882 3160 1291 3251 Quapropter
1319 3160 1497 3227 omni
1526 3159 1737 3231 studio
1764 3160 1967 3242 cavit,
2014 3182 2097 3225 ne
2126 3160 2388 3247 Episco-

447 3298 564 3366 pus
586 3277 694 3343 hic
723 3278 856 3343 illic
897 3278 1252 3369 eligeretur.
1345 3278 1495 3342 Hoc
1542 3292 1758 3343 tamen
1802 3298 1971 3342 anno
2006 3275 2129 3362 391
2174 3276 2391 3341 locum

445 3393 698 3460 habuit:
742 3417 893 3460 nam
939 3416 1088 3459 cum
1142 3379 1512 3485 Hipponem
1562 3395 1687 3460 iter
1744 3393 1991 3459 fecisset
2011 3440 2030 3476 ,
2077 3409 2152 3458 ut
2201 3391 2389 3459 Vale-

446 3510 636 3594 rium,
683 3511 850 3576 illius
891 3512 1064 3577 urbis
1108 3511 1495 3601 Episcopum
1512 3559 1533 3595 ,
1587 3510 2077 3576 concionantem
2106 3507 2354 3575 audiret
2369 3556 2388 3591 ,

444 3624 787 3715 derepente
825 3650 864 3693 a
901 3628 1142 3717 populo
1213 3628 1533 3694 Ecclesiae
1613 3628 1951 3717 Presbyter
2013 3626 2263 3719 eligitur
2324 3641 2391 3690 et
2479 3634 2482 3639 ’

441 3743 672 3807 invitus
749 3744 831 3809 ab
903 3746 1222 3835 Episcopo
1297 3745 1510 3811 statim
1593 3745 2019 3835 inauguratur.
2163 3742 2393 3808 Munus

443 3858 603 3925 illud
681 3884 852 3927 anno
907 3864 1192 3951 sequenti
1245 3865 1312 3927 in
1373 3886 1442 3929 se
1514 3862 1788 3951 suscepit
1803 3909 1825 3946 ,
1907 3884 1945 3927 a
2009 3847 2135 3951 quo
2202 3860 2393 3926 etiam

433 3976 584 4043 inde
643 3994 930 4069 tempore
1003 3982 1188 4045 rebus
1245 3977 1715 4047 Donatistarum
1769 4003 1835 4045 se
1881 3981 1971 4044 ita
2012 3978 2350 4045 immiscuit
2374 4022 2393 4056 ‚
