2917 4967
1466 362 1602 437 104
1670 328 1677 335 ’

553 599 864 684 sancitae,
895 598 968 663 in
990 612 1314 689 postemm
1349 619 1598 687 semper
1634 598 1706 662 in
1728 598 2013 665 Ecclesia
2042 600 2375 669 Catholica
2398 606 2491 669 ita

557 717 918 807 propositae
963 731 1130 783 sunt.

643 836 792 901 Hoc
848 834 1216 925 praeprimis
1269 832 1445 899 valet
1502 832 1585 899 de
1642 834 1977 901 virtutibus
2018 842 2377 901 sanctitatis
2432 853 2500 903 et

557 952 1003 1019 Catholtetsmi.
1091 952 1408 1017 Sanctitas
1457 950 1629 1017 enim
1643 997 1662 1034 ,
1694 974 1854 1039 quae
1914 966 2103 1017 antea
2126 952 2449 1019 Ecclesiae
2470 1002 2491 1037 ,

557 1092 704 1135 cum
755 1083 1020 1158 propter
1066 1068 1198 1153 ejus
1253 1068 1462 1134 socios
1481 1115 1501 1152 ‚
1561 1082 1701 1134 tum
1744 1069 1816 1132 in
1866 1084 2172 1157 quantum
2202 1071 2496 1161 opposita

559 1200 724 1251 esset
752 1185 1114 1251 haeresibus
1128 1232 1148 1269 ‚
1174 1198 1310 1251 erat
1333 1186 1571 1249 tributa
1586 1232 1609 1269 ,
1656 1207 1825 1251 nunc
1854 1186 2045 1250 misso
2072 1184 2187 1251 illo
2205 1234 2226 1270 ‚
2258 1185 2343 1251 ad
2365 1189 2494 1253 hoc

551 1318 798 1369 tantum
829 1318 924 1369 est
965 1302 1168 1369 relata
1222 1315 1288 1367 et
1315 1302 1386 1367 in
1420 1303 1593 1369 hunc
1622 1323 1875 1368 sensum
1897 1302 2157 1368 uberius
2182 1304 2484 1393 exposita.

555 1418 1032 1485 Catholicismus
1074 1434 1316 1485 certam
1359 1420 1692 1485 notionem
1728 1433 1951 1485 nactus
1966 1466 1985 1503 ,
2018 1442 2190 1486 nunc
2215 1422 2487 1487 maxime

543 1551 616 1603 ut
638 1558 824 1603 verae
853 1536 1170 1603 Ecclesiae
1203 1552 1358 1601 nota
1381 1536 1647 1602 invaluit
1670 1550 1738 1602 et
1760 1558 1879 1625 per
1908 1537 2127 1601 omnia
2160 1538 2489 1627 sequentia

541 1654 756 1721 secula
804 1654 1056 1719 habitus
1108 1668 1223 1719 est.
1314 1654 1485 1719 Huic
1542 1653 1713 1719 enim
1753 1654 2222 1719 controversiae
2264 1653 2486 1721 deberi

545 1770 1048 1839 additamentum
1073 1772 1142 1838 in
1167 1771 1441 1861 symboli
1471 1770 1793 1837 Ecclesiae
1822 1770 2085 1835 Latinae
2112 1771 2377 1836 articulo
2406 1769 2487 1837 de

537 1888 821 1955 Ecclesia
847 1911 865 1953 τ
927 1896 1418 1953 communionem
1472 1901 1861 1968 sanctorum,
1936 1889 2292 1954 verosimile
2344 1904 2439 1955 est
2458 1934 2478 1972 ,

537 2026 684 2071 cum
710 2004 886 2070 nullo
917 2004 984 2069 in
1013 2004 1306 2093 symbolo
1337 2002 1585 2071 Graeco
1607 2052 1627 2089 ‚
1658 2028 1780 2071 nec
1804 2006 1874 2071 in
1897 2006 2031 2071 ullo
2064 2023 2211 2073 ante
2241 2008 2480 2097 Augus·

535 2122 744 2188 tinum
799 2137 1188 2211 compareat.
1305 2123 1467 2186 Cum
1494 2144 1649 2187 vero
1688 2122 1761 2187 in
1791 2124 2083 2211 symbolo
2112 2124 2377 2190 recitato
2408 2125 2483 2189 in

536 2239 802 2305 homilia
831 2237 1102 2329 quadam
1131 2240 1484 2331 Augustino
1518 2237 1833 2329 adscripta
1857 2240 2209 2329 reperiatur
2226 2288 2246 2324 ,
2274 2243 2475 2329 conji-

541 2382 688 2425 cere
734 2358 886 2425 licet
906 2406 926 2442 ,
994 2358 1191 2461 verba
1235 2356 1348 2421 illa
1392 2356 1471 2423 iis
1520 2356 1773 2423 circiter
1818 2357 2209 2446 temporibus
2262 2356 2479 2424 addita

533 2498 713 2560 esse3
759 2476 1046 2567 inprimis
1098 2500 1245 2541 cum
1293 2462 1703 2541 roccasionem
1726 2522 1746 2559 ‚
1800 2497 1879 2541 ea
1927 2473 2266 2561 adjiciendi
2287 2523 2307 2560 ‚
2338 2500 2473 2543 non

529 2596 739 2684 potuit
777 2618 910 2661 non
959 2594 1264 2683 praebere
1319 2594 1752 2659 controversia
1777 2592 2194 2683 Augustinum
2219 2594 2387 2661 inter
2410 2611 2477 2661 et

529 2712 891 2779 Donatistas
941 2712 1194 2803 agitata.
1285 2708 1740 2777 Additamento
1800 2710 1971 2776 enim
2016 2710 2133 2776 illo
2178 2734 2310 2778 non
2352 2712 2475 2778 nisi

529 2844 688 2895 nota
709 2828 1030 2896 indicatur
1045 2876 1064 2913 ,
1097 2852 1222 2917 qua
1244 2828 1658 2919 particulares
1674 2828 1996 2895 Ecclesiae
2021 2828 2103 2894 ad
2126 2830 2475 2895 Ecclesiam

523 2948 921 3014 Catholicam
976 2948 1296 3037 pertinere
1359 2946 1603 3015 censeri
1660 2947 1922 3037 possint.
2047 2947 2261 3036 Atque
2311 2948 2472 3013 haec

520 3064 659 3154 ipsa
692 3080 829 3131 erat
861 3078 1047 3148 nota,
1085 3087 1274 3154 quam
1315 3064 1697 3156 Augustinus
1717 3110 1737 3147 ‚
1788 3088 1933 3129 cum
1962 3063 2307 3129 Donatistis
2340 3059 2464 3128 dis-

519 3196 746 3273 putans
761 3228 780 3267 ,
811 3182 879 3249 in
911 3178 1192 3249 medium
1217 3181 1571 3273 protulerat
1599 3195 1663 3247 et
1690 3179 2078 3249 defenderat.

607 3296 797 3366 Nunc
829 3298 1020 3367 etiam
1057 3300 1242 3365 simul
1271 3296 1543 3389 probata
1572 3312 1638 3363 et
1672 3296 1949 3361 stabilita
1996 3308 2095 3361 est
2138 3272 2463 3361 horribilis

519 3416 630 3482 illa
667 3415 958 3485 doctrina
975 3462 994 3501 ,
1029 3438 1105 3483 ex
1133 3412 1587 3482 commixtione
1613 3411 1874 3478 visibilis
1901 3426 1965 3478 et
1994 3412 2318 3477 invisibilis
2342 3414 2465 3479 Ec-

523 3534 748 3601 clesiae
823 3550 1007 3601 nata:
1063 3544 1250 3599 extra
1307 3529 1613 3598 visibilem
1675 3529 2032 3595 Ecclesiam
2081 3529 2468 3596 Catholicam

513 3652 690 3717 nulla
737 3650 934 3717 salue.
1041 3648 1208 3715 Huic
1257 3648 1606 3715 sententiae
1652 3670 1787 3714 non
1814 3662 2062 3715 tantum
2092 3646 2287 3737 paulo
2311 3661 2459 3737 post

519 3768 748 3833 secutis
795 3766 1188 3856 temporibus
1249 3763 1668 3831 adhaeserunt
1721 3765 2088 3831 Catholicae
2137 3763 2459 3830 Ecclesiae

519 3882 816 3951 doctores
830 3932 850 3967 ,
895 3882 1008 3949 sed
1055 3881 1344 3949 eamdem
1367 3930 1387 3967 ,
1417 3884 1487 3947 in
1513 3884 1685 3950 hunc
1712 3907 1907 3973 usque
1938 3881 2107 3949 diem
2122 3928 2141 3965 ,
2175 3903 2456 3970 propug-

517 4017 693 4087 nant,
712 4000 1000 4093 adeoque
1019 4024 1245 4093 magna
1259 4001 1755 4070 Christianorum
1775 4024 1921 4093 pars
1944 4001 2004 4069 ei
2030 3997 2221 4069 fidem
2241 3999 2456 4070 hahet,
