2917 4967
1369 394 1462 471 57

459 635 692 703 ludam
707 685 726 719 ,
775 659 900 701 non
943 657 1177 702 omnes.
1267 632 1340 731 Si
1379 648 1589 699 autem
1616 634 1967 723 praesentia
1996 636 2105 700 sua
2130 642 2371 705 ceteros

464 754 785 844 polluisset
820 751 1008 816 Iudas
1024 800 1043 834 ,
1091 774 1224 816 non
1267 748 1582 815 dicturum
1610 749 1827 816 fuisse:
1854 754 2000 839 jam
2029 776 2135 818 vos
2162 756 2377 821 mundi

461 879 646 953 estis,
692 869 800 935 sed
829 870 1101 934 nondum
1130 868 1346 933 mundi
1373 877 1523 932 estis
1550 866 1669 956 (1).

499 969 510 993 ³
549 986 652 1051 Ad
691 988 1044 1076 exemplum
1080 987 1270 1051 etiam
1311 986 1700 1074 provocabat
1731 987 2061 1051 hominum
2090 1003 2402 1079 tempore

462 1104 800 1169 Ezechielis
827 1104 1172 1169 viventium
1186 1151 1205 1185 ,
1243 1104 1349 1190 qui
1386 1104 1719 1192 gemebant
1745 1119 1808 1167 et
1831 1106 2200 1170 moerebant
2222 1108 2377 1174 saci—

459 1243 618 1286 nora
640 1221 860 1311 populi
876 1269 896 1303 ,
932 1243 1094 1307 quae
1121 1219 1357 1285 fiebant
1376 1220 1444 1282 in
1466 1218 1679 1283 medio
1708 1242 1949 1286 eorum.
2000 1222 2135 1287 »Illi
2158 1226 2373 1310 vero”,

459 1341 666 1427 inquit
701 1339 1078 1429 Augustinus
1097 1386 1118 1420 ,
1164 1369 1192 1395 υ
1205 1338 1504 1425 quoniam
1540 1360 1649 1403 eos
1690 1339 2002 1429 corrigere
2037 1364 2169 1406 non
2198 1359 2383 1432 pote-

461 1471 604 1520 rant
620 1502 640 1537 ,
688 1477 807 1519 nec
853 1455 932 1519 ab
976 1455 1216 1517 unitate
1257 1453 1481 1542 populi
1522 1453 1643 1517 Dei
1682 1453 1814 1517 ullo
1857 1454 2049 1520 modo
2094 1480 2381 1548 separare

463 1571 778 1657 debebant
800 1618 820 1656 ‚
867 1595 987 1661 pro
1017 1572 1242 1636 merito
1276 1572 1823 1636 innocentissimae
1848 1573 2215 1641 tolerantiae
2232 1601 2381 1645 suae

441 1690 696 1778 'signari
735 1703 1100 1753 meruerunt
1135 1703 1199 1753 et
1231 1689 1298 1751 in
1334 1688 1589 1752 illorum
1622 1686 2011 1776 perditorum
2036 1694 2382 1761 vastatione

463 1820 651 1893 atque
693 1806 949 1870 interitu
1000 1804 1287 1870 liberari”
1345 1802 1464 1893 (2).
1572 1804 1739 1869 Hinc
1792 1806 2049 1873 solenne
2096 1810 2155 1873 ei
2208 1827 2377 1878 erat:

458 1923 630 1989 »Nec
674 1946 862 1989 causa
907 1946 1128 1988 causae
1145 1971 1165 2005 ,
1223 1945 1342 1987 nec
1391 1944 1663 2011 persona
1708 1946 2015 2012 personae
2066 1928 2381 2016 praejudi-

460 2040 593 2105 cat”
631 2040 750 2129 (3).
842 2039 990 2105 Non
1029 2040 1198 2105 enim
1237 2042 1473 2106 obsunt
1498 2038 1766 2104 aliorum
1792 2042 1976 2106 saluti
2006 2045 2207 2111 aliena
2228 2071 2378 2135 pec.

459 2172 596 2222 cata
624 2156 742 2246 (4).
833 2157 896 2222 N
897 2179 983 2220 on
1018 2157 1198 2221 obest
1233 2156 1414 2242 justis
1433 2204 1452 2238 ,
1503 2155 1807 2244 quidquid
1828 2160 1897 2223 in
1920 2162 2086 2248 ipsos
2108 2164 2381 2253 populos

458 2291 717 2364 propter
744 2275 1084 2363 impiorum
1119 2272 1585 2339 multitudinem
1627 2273 1859 2339 dicitur
1892 2275 1984 2367 (5)
2006 2327 2025 2361 ,
2073 2303 2219 2346 cum
2249 2306 2382 2348 non

461 2393 884 2458 communicet
907 2392 1181 2481 peccatis
1216 2392 1431 2455 alienis
1449 2438 1469 2472 ,
1519 2392 1625 2477 qui
1656 2392 1743 2455 eis
1768 2415 1901 2456 non
1924 2399 2237 2461 consentit
2258 2397 2377 2486 (6).

462 2508 598 2573 Nec
621 2508 822 2572 malos
850 2508 956 2594 qui
980 2506 1286 2588 tolerant,
1337 2506 1808 2572 communicant
1834 2528 2053 2573 eorum
2078 2515 2375 2600 peccatis.

460 2623 604 2688 Hoc
631 2625 862 2711 probat
887 2622 1174 2710 exemplo
1206 2620 1386 2685 Pauli
1415 2621 1739 2709 Apostoli,
1791 2624 1897 2711 qui
1924 2647 2055 2690 non
2080 2628 2382 2697 salsorum

457 2739 722 2805 fratrum
759 2738 1068 2826 peccatis,
1119 2738 1400 2825 quamvis
1423 2738 1493 2801 in
1522 2739 1761 2804 unitate
1788 2744 2106 2829 corporali
2136 2768 2280 2811 cum
2304 2749 2380 2814 iis

451 2871 594 2922 erat
610 2904 629 2940 ,
681 2855 1167 2921 communicavit
1183 2902 1203 2937 ,
1263 2868 1327 2919 et
1376 2854 1830 2943 Apostolorum
1850 2904 1869 2940 ,
1918 2860 2025 2947 qui
2050 2884 2180 2927 non
2208 2863 2379 2932 furto

456 2988 647 3062 atque
687 2972 908 3037 sceleri
945 2969 1140 3036 Iudae
1167 2972 1714 3037 communicarunt
1738 2972 1857 3063 (7).
1950 2976 2379 3069 Unusquisque

454 3090 730 3159 malitiae
759 3112 906 3155 suae
930 3090 1240 3153 sarcinam
1271 3104 1486 3177 portat
1499 3135 1519 3171 ,
1554 3112 1679 3155 nec
1704 3114 1845 3157 eam
1879 3116 2025 3159 cum
2054 3096 2131 3160 iis
2156 3098 2376 3189 aliquis

457 3207 913 3288 communicat,
961 3204 1080 3271 nisi
1113 3206 1214 3270 cui
1239 3227 1461 3271 eorum
1483 3207 1776 3311 iniquitas
1796 3209 2007 3300 placet
2039 3211 2155 3305 (8).

511 3469 592 3536 (1)
625 3470 682 3521 C.
718 3467 824 3520 litt.
865 3466 1020 3521 Petu.
1057 3467 1166 3523 m».
1203 3469 1257 3520 11
1289 3470 1316 3537 ς
1349 3468 1419 3520 49
1451 3474 1508 3521 et
1538 3472 1627 3523 50.

509 3553 592 3619 (2)
633 3554 690 3603 C.
725 3553 884 3619 Epi-t.
920 3554 1152 3604 Pax-men.
1189 3551 1298 3605 m».
1334 3552 1407 3604 11.
1443 3554 1468 3619 ς
1504 3554 1561 3603 6.

507 3636 589 3702 (3)
623 3634 700 3687 Ad
732 3636 915 3687 Donat.
951 3650 1006 3699 p.
1042 3634 1172 3687 eoll.
1207 3634 1234 3700 ς
1269 3635 1304 3684 3
1336 3650 1482 3700 seqq.
1515 3635 1543 3702 3
1578 3633 1667 3689 24.

511 3718 593 3787 (4)
625 3720 683 3771 C.
719 3717 824 3769 litt.
861 3718 1013 3769 Petu.
1050 3716 1159 3770 m».
1195 3717 1249 3767 11
1284 3715 1309 3784 ς
1351 3716 1468 3769 122.

509 3802 588 3870 (5)
621 3804 696 3853 De
725 3802 859 3851 unit.
895 3799 1036 3851 Ecol.
1072 3799 1097 3866 ς
1135 3798 1222 3853 34.

507 3888 588 3953 (Β)
623 3888 679 3941 C.
717 3887 950 3937 ereccon.
988 3883 1095 3937 Lib.
1132 3882 1206 3933 lv
1238 3881 1263 3948 ς
1300 3882 1388 3933 33.

509 3968 588 4035 (7)
621 3970 678 4021 C.
715 3970 820 4021 litt.
857 3967 1004 4019 petil.
1044 3966 1153 4019 Lib.
1190 3964 1242 4015 11
1276 3964 1301 4031 ς
1335 3964 1458 4015 243.

505 4054 586 4121 (8)
618 4054 676 4107 G.
711 4053 816 4106 litt.
854 4051 1008 4104 rutil.
1045 4048 1156 4107 Lib.
1189 4048 1270 4100 111
1307 4049 1331 4117 ς
1367 4048 1455 4101 42.
