2917 4967
1467 404 1561 476 58

633 638 841 703 Malos
893 652 1106 703 autem
1155 658 1194 701 a
1251 637 1436 701 bonis
1508 636 1577 701 in
1630 642 2079 707 communione
2132 664 2245 709 sua
2308 646 2465 713 tole-

546 754 776 821 randos
835 754 1154 845 duplicem
1208 754 1295 819 ob
1355 776 1609 820 causam
1670 753 1827 823 dicit
1882 758 2309 849 Augustinus:
2386 786 2467 829 ne

543 889 694 941 ante
746 888 980 963 tempus
997 921 1016 957 ,
1063 896 1202 937 cum
1240 878 1493 939 zizania
1534 873 1933 963 colliguntur,
1998 876 2355 945 eradicetur
2384 888 2466 945 31·-

503 1054 508 1061 .
544 992 679 1059 mul
717 1006 784 1058 ec
821 998 1122 1057 triticum.-
1164 1004 1350 1077 atque
1395 1003 1663 1079 propter
1704 998 1964 1057 unitatis
2002 1007 2069 1059 ec
2105 1002 2295 1083 pact-5
2336 1008 2465 1061 stu-

545 1110 742 1177 dium.
845 1106 1076 1198 »Apud
1139 1106 1288 1173 nos”
1307 1154 1328 1191 ‚
1385 1106 1629 1195 inquit,
1688 1109 2105 1199 »quicumque
2162 1112 2313 1177 mali
2362 1112 2465 1179 vel

544 1231 792 1321 penitus
849 1228 1051 1293 latent
1069 1274 1090 1311 ,
1145 1225 1250 1291 vel
1299 1224 1670 1314 quibusdam
1723 1228 1861 1291 noti
1906 1243 2168 1318 propter
2214 1231 2420 1295 bonos
2436 1276 2459 1313 ‚

543 1346 768 1435 quihus
803 1344 1007 1435 ignoti
1045 1358 1192 1409 sunt
1214 1358 1280 1408 et
1303 1341 1473 1432 apud
1498 1365 1655 1431 quos
1680 1344 1975 1411 convinci
2004 1368 2137 1413 non
2157 1362 2419 1436 possunt
2434 1393 2455 1430 ‚

541 1478 806 1555 propter
837 1462 1091 1527 unitatis
1129 1474 1195 1525 et
1229 1462 1403 1549 pacis
1429 1459 1749 1526 vinculum
1778 1461 2156 1546 tolerantur,
2202 1486 2286 1529 ne
2311 1487 2459 1531 cum

538 1556 784 1647 zizaniis
811 1578 1164 1647 eradicetur
1193 1578 1379 1643 simul
1403 1592 1470 1645 et
1490 1579 1800 1644 triticum'’
1837 1579 1955 1671 (ι).
2029 1582 2114 1647 Et
2140 1581 2287 1647 alibi
2318 1580 2410 1673 (2)
2434 1605 2453 1649 ε

535 1722 604 1767 sc
633 1716 701 1766 et
728 1697 1088 1763 Catholicos
1111 1696 1392 1762 Domino
1415 1696 1665 1762 Christo
1681 1744 1700 1780 ,
1738 1696 2105 1786 Prophetis,
2138 1699 2460 1788 Apostolis

539 1832 880 1904 sanctoque
903 1814 1216 1905 Cypriano
1243 1810 1326 1881 de
1349 1837 1429 1879 eo
1454 1816 1809 1881 consentire
1834 1813 2021 1882 dicit:
2056 1817 2283 1883 »etiam
2306 1839 2455 1908 cog·

536 1934 705 2001 nitos
725 1932 926 1998 malos
941 1980 961 2015 ,
995 1934 1048 1998 si
1077 1954 1188 1997 eos
1211 1954 1332 1999 nec
1357 1933 1671 2023 corrigere
1694 1954 2021 2022 possumus
2036 1981 2055 2017 ,
2090 1956 2209 2001 nec
2234 1934 2459 2023 punire

537 2072 659 2141 pro
681 2050 936 2115 unitatis
951 2050 1205 2114 vinculo
1236 2048 1652 2116 sustinendos.
1702 2050 1871 2115 Hinc
1896 2052 2066 2116 canit
2087 2052 2154 2117 in
2179 2051 2456 2119 Psalmo:

537 2168 688 2236 »sed
713 2168 894 2233 nobis
919 2166 1270 2256 exemplum
1295 2164 1513 2232 datum
1538 2182 1633 2233 est
1664 2168 1863 2233 malos
1891 2168 2115 2236 fratres
2143 2169 2417 2235 tolerare
2433 2217 2452 2253 ,

535 2302 609 2354 ut
641 2285 896 2376 quando
941 2307 1073 2351 non
1109 2300 1369 2374 possunt
1401 2284 1649 2351 excludi
1663 2332 1682 2368 ,
1730 2285 1869 2351 solo
1911 2303 2277 2377 separentur
2316 2310 2456 2353 cor-

535 2404 651 2473 de’'
699 2404 818 2495 (3).
920 2404 1004 2469 Et
1047 2424 1294 2469 rursus:
1343 2403 1644 2493 »Expello
1682 2404 1883 2470 malos
1904 2452 1924 2487 ,
1972 2428 2129 2493 quos
2165 2412 2453 2496 possum,

533 2547 698 2614 quos
734 2546 868 2590 non
902 2544 1156 2613 possum
1169 2570 1189 2605 ,
1237 2544 1439 2613 cogor
1472 2522 1660 2589 ferre.
1752 2522 1919 2617 Fero
1958 2524 2101 2589 illos
2130 2521 2337 2590 donee
2360 2546 2454 2590 se-

534 2656 836 2733 parentur
861 2640 930 2705 in
960 2639 1116 2707 fine”
1149 2637 1267 2729 (4).

620 2760 719 2827 Ne
745 2782 898 2826 vero
925 2758 1292 2824 Donatistae
1315 2758 1738 2824 existimarent
1751 2805 1771 2841 ,
1815 2780 1883 2825 se
1912 2782 2169 2825 omnem
2194 2753 2455 2847 rejicere

534 2878 853 2945 Ecclesiae
879 2876 1270 2967 disciplinam
1285 2925 1303 2961 ,
1322 2877 1581 2967 exponit
1599 2898 1775 2942 suam
1799 2875 1879 2942 de
1902 2876 2454 2967 disciplinaEccle-

532 2996 779 3063 siastica
823 2996 1216 3062 sententiam.
1303 2995 1482 3061 Dicit
1526 2995 1698 3061 enim
1716 3042 1735 3078 ,
1783 2995 1899 3061 etsi
1954 3018 1992 3059 a
2036 2996 2279 3084 populo
2332 2994 2453 3060 Dei

529 3136 666 3179 non
695 3129 1059 3203 separentur
1086 3113 1234 3177 mali
1254 3161 1272 3197 ,
1321 3136 1470 3203 erga
1498 3134 1611 3178 eos
1635 3127 1849 3177 tamen
1871 3133 2003 3176 non
2024 3107 2303 3176 dormire
2330 3110 2450 3177 Ec-

532 3230 940 3297 clesiasticam
961 3228 1355 3321 disciplinam
1381 3228 1501 3320 (5).
1576 3228 1925 3294 »Malorum
1948 3228 2281 3293 tolerantia
2304 3250 2447 3295 cor·

529 3348 848 3438 reptiones
871 3347 1344 3415 Ecclesiasticae
1370 3344 1736 3435 disciplinae
1760 3368 1891 3411 non
1915 3342 2220 3411 excludit”
2252 3344 2371 3435 (6).

579 3673 659 3737 (ι)
693 3671 751 3722 c.
787 3652 892 3718 ι’ῑιι.
927 3664 1080 3718 retu.
1117 3664 1223 3715 uh.
1259 3664 1338 3713 111
1375 3664 1402 3731 ς
1437 3662 1523 3712 ⁴2.

587 3756 667 3821 (2)
700 3755 759 3805 C.
797 3750 958 3802 Gaud.
995 3748 1100 3799 Lib.
1137 3749 1188 3798 11
1225 3748 1248 3813 ς
1286 3748 1339 3800 5.

583 3841 666 3906 (3)
697 3836 882 3891 Psalm.
921 3850 970 3886 o.
1005 3836 1138 3899 part.
1175 3833 1305 3884 Bon.
1341 3829 1446 3883 Lit.
1482 3832 1543 3895 Q.

585 3922 666 3987 (4)
699 3920 830 3971 lbid.
863 3918 947 3969 lit.
979 3918 1044 3969 A.
1075 3932 1130 3967 a.

584 4005 667 4070 (ὅ)
701 4002 778 4055 Διὶ
809 4002 992 4052 Donat.
1026 4016 1082 4067 p.
1119 3998 1298 4050 Collat.
1338 3999 1361 4064 ς
1399 3998 1489 4052 28.

596 4089 676 4155 (6)
710 4084 840 4137 md.
880 4083 903 4148 ς
938 4083 992 4133 6.
