2917 4967
2240 390 2345 439 111

433 610 607 699 Quid
627 608 782 672 milei
806 605 1014 671 multis
1037 602 1236 669 verbis
1262 624 1441 692 opus,
1475 614 1547 665 ut
1551 612 1804 690 gratum
1829 608 1894 665 in
1927 602 2055 667 Vos
2080 609 2355 669 animum

418 728 772 815 profitear?
801 724 885 789 Id
909 722 1194 787 omnibus
1221 728 1420 784 animi
1447 718 1679 785 viribus
1700 741 1922 808 agam,
1956 732 2027 783 ut
2045 742 2142 784 me
2167 720 2363 786 Vobis

432 846 689 933 dignum
713 841 1084 932 discipulum
1094 851 1415 928 praestem
1426 882 1448 919 ‚
1497 819 1694 926 eaque
1717 836 1976 925 dignum
2010 836 2363 902 benevolen-

436 969 523 1025 tia
539 1008 558 1043 ,
592 982 720 1050 qua
750 982 847 1023 me
857 936 1182 1048 prosecuti
1213 963 1385 1019 estis.
1478 954 1582 1019 Ita
1613 960 1779 1019 enim
1796 966 2051 1043 gratum
2077 977 2231 1043 erga
2261 978 2367 1021 vos

436 1086 712 1141 animum
770 1082 997 1165 optime
1047 1072 1290 1139 ostendi
1339 1077 1655 1137 existimo.
1762 1070 1953 1160 Quod
1984 1080 2369 1161 praeprimis

443 1167 587 1260 Tibi
610 1194 843 1259 dictum
868 1202 983 1275 sit,
1023 1190 1428 1259 Celeberrime
1455 1192 1629 1255 11⁸1!
1663 1212 1845 1279 quem
1876 1189 2033 1257 mihi
2053 1191 2371 1257 Promoto-

439 1338 568 1379 rem
606 1337 742 1378 esse
775 1313 1168 1401 designatum
1207 1309 1386 1375 vable
1417 1308 1636 1373 laetor.
1735 1306 2026 1373 Consiliis
2053 1314 2219 1372 enim
2248 1312 2373 1374 tuis

441 1437 506 1495 in
557 1429 1000 1516 conscribendo
1040 1429 1157 1493 boc
1200 1426 1617 1519 qualicunque
1659 1425 1951 1513 opusculo
1984 1416 2233 1515 egregie
2274 1450 2373 1491 me

437 1551 771 1639 adjuvasti.
841 1547 1112 1637 Supplex
1135 1569 1178 1610 a
1207 1546 1454 1611 Summo
1485 1544 1760 1637 Numine
1774 1555 1957 1632 peto,
1998 1555 2070 1609 ut
2105 1543 2196 1611 Te
2216 1558 2374 1611 cete-

442 1691 665 1758 nosque
688 1668 1160 1754 Praeceptor-es,
1203 1662 1392 1726 Viros
1421 1660 1855 1725 dikctissimos
1869 1706 1888 1741 ,
1930 1657 2040 1723 diu
2068 1659 2161 1724 ad
2188 1659 2377 1725 decus

440 1786 625 1871 liujus
650 1782 1060 1863 Academiae,
1107 1780 1198 1845 ad
1224 1779 1554 1845 Ecclesiae
1585 1776 1983 1844 Christianae
2006 1759 2376 1845 emolumen-

441 1916 567 1966 tum
620 1901 1000 1991 Patriaeque
1048 1911 1286 1965 vestrae
1326 1897 1601 1987 gloriam
1642 1908 1965 1961 conservet
2011 1895 2374 1980 incolumes,

443 2032 627 2109 utque
660 2041 789 2112 per
821 2016 1158 2107 discipulos
1203 2029 1272 2081 et
1302 2022 1539 2104 scripta
1580 2012 1951 2079 collustretis
1990 2013 2377 2081 Meridiona·

444 2137 564 2201 lem
589 2144 779 2201 etiam
802 2134 1069 2224 Africae
1083 2144 1359 2222 partem.
1397 2184 1404 2193 .

538 2252 804 2319 Gratum
856 2256 926 2315 in
977 2250 1099 2330 Te,
1157 2248 1277 2313 Vir
1321 2248 1681 2315 Clari-ssime
1722 2249 2058 2313 nonum!
2108 2255 2385 2315 animum

436 2370 686 2459 publice
717 2369 1045 2458 profiteri,
1097 2374 1376 2430 maximo
1422 2364 1579 2429 mila·
1620 2376 1719 2428 est
1732 2364 1995 2453 gaudio.
2097 2366 2194 2428 Tu
2219 2373 2384 2430 enim

445 2486 758 2575 singulari
777 2508 877 2548 me
901 2482 1322 2548 benevokntia
1331 2491 1705 2567 prosecutus
1727 2501 1795 2543 es
1808 2526 1827 2561 ,
1865 2480 1963 2545 Tu
1990 2502 2089 2545 me
2098 2490 2390 2569 peregri-

448 2626 599 2669 num
642 2609 709 2665 in
745 2600 910 2665 hanc
951 2597 1363 2664 Academiam
1404 2595 1839 2659 adventantem
1882 2601 1951 2659 in
1991 2594 2401 2679 domesticam·

437 2718 948 2809 familiaritatem
991 2718 1278 2803 recepisti
1314 2733 1575 2799 cumque
1622 2716 1954 2775 carissima
1990 2734 2191 2777 uxore
2232 2719 2393 2779 vices

431 2837 587 2927 jere
594 2846 934 2926 parentum
943 2878 964 2913 ,
1003 2830 1227 2922 quibus
1256 2836 1438 2894 terris
1458 2826 1861 2918 maribusque
1884 2828 2226 2912 distabam,
2258 2854 2393 2897 sus·

452 2960 674 3043 cepisti
695 2965 761 3016 et
777 2949 1124 3038 implevisti.
1175 2946 1514 3036 Nunquam
1539 2946 1725 3034 liujus
1751 2952 1819 3008 in
1850 2969 1948 3010 me
1978 2947 2190 3013 collati
2216 2948 2395 3014 bene-

432 3074 586 3158 ficii
615 3067 974 3146 obliviscar,
1030 3063 1294 3155 Tibique
1328 3077 1394 3128 et
1421 3061 1708 3128 omnibus
1726 3110 1745 3147 ,
1781 3071 1892 3153 qui
1923 3088 2023 3129 me
2055 3065 2180 3130 sibi
2216 3065 2393 3133 bene-

441 3189 617 3275 ficiis
651 3184 1095 3263 devinxerunt,
1142 3202 1548 3271 quaecunque
1586 3179 1749 3245 bona
1777 3180 2073 3246 divinitus
2098 3198 2348 3271 exopto.

544 3306 634 3368 At
666 3308 832 3367 tristi
861 3298 1016 3365 mila·
1037 3302 1183 3388 jam
1208 3298 1423 3387 officio
1447 3304 1607 3362 satis
1631 3297 2007 3387 jaciendum
2040 3313 2156 3365 est.
2210 3302 2282 3365 V
2268 3302 2395 3367 ale-

459 3420 790 3487 dicendum
817 3416 989 3485 vobis
1014 3402 1325 3499 omnibus,
1354 3414 1525 3482 vobis
1552 3421 1867 3502 inprimis,
1907 3415 2398 3485 Commilitones!

457 3536 822 3627 quibuscum
846 3520 1131 3601 intimam
1157 3532 1325 3597 colui
1345 3539 1713 3597 amicitiam.
1786 3529 1982 3598 Nulla
2006 3539 2173 3597 enim
2203 3535 2389 3617 mihi,

461 3675 544 3717 ex
581 3651 753 3716 hisce
790 3650 1150 3739 regionibus
1165 3648 1456 3738 projecto
1477 3695 1496 3730 ,
1543 3660 1827 3735 superest
1857 3670 2001 3736 spes
2033 3669 2138 3714 vos
2175 3656 2397 3718 iterum

462 3772 563 3835 his
589 3777 657 3834 in
682 3777 864 3834 terris
893 3766 1305 3858 adspiciendi.
1386 3768 1727 3857 Nunquam
1756 3778 1962 3831 tamen
1989 3790 2073 3832 ex
2101 3778 2400 3837 memoria

465 3911 605 3953 mea
632 3898 836 3955 vestra
871 3884 1218 3949 recordatio
1251 3881 1550 3948 elabetur.
1650 3883 1910 3948 Vestras
1951 3889 2203 3949 virtutes
2246 3886 2403 3950 mihi

457 4027 704 4095 semper
748 4000 826 4068 ob
875 4000 1084 4067 oculos
1117 4024 1361 4091 ponam
1408 4006 1738 4090 omniaque
1798 3997 1961 4065 bona
2011 4012 2077 4065 et
2112 4008 2393 4090 egregia,
