2917 4967
1323 379 1426 487 Ι15

425 619 572 708 gine
619 617 1036 704 inquireretur
1053 662 1072 695 ,
1123 629 1458 702 antequam
1504 612 1847 677 concilium
1882 612 2347 704 Episcoporum

424 732 667 799 Arelati
708 733 1065 798 haberetur.
1169 728 1354 796 Fecit
1404 727 1564 794 illud
1609 752 1779 795 anno
1829 728 1868 793 3
1881 735 1957 811 14
2005 730 2303 797 Aelianus
2325 780 2345 815 ‚

425 850 775 917 Proconsul
799 849 1054 915 Africae
1071 894 1092 932 ,
1120 863 1308 937 atque
1338 848 1601 935 utraque
1626 861 1807 937 parte
1833 846 2067 930 audita,
2086 848 2353 915 absolvit

423 970 723 1036 Felicem.
799 969 914 1033 His
965 969 1156 1059 igitur
1179 966 1485 1057 peractis,
1524 965 1967 1031 Constantinus
2005 966 2353 1055 Episcopos

420 1087 611 1155 totius
631 1088 920 1177 imperii,
948 1108 1076 1153 una
1109 1108 1256 1151 cum
1279 1084 1639 1150 Caeciliano
1669 1098 1737 1149 et
1762 1083 2089 1173 Episcopis
2130 1085 2349 1150 utrius·

420 1227 543 1293 que
562 1205 758 1295 partis
773 1250 794 1288 ,
826 1204 1153 1271 Arelatum
1169 1201 1579 1285 convocavit,
1609 1217 1683 1269 ut
1709 1200 2051 1267 concilium
2074 1202 2349 1269 celebra·

421 1338 586 1388 rent.
656 1324 942 1389 Habetur
972 1320 1042 1387 id
1074 1318 1377 1387 Kalendis
1415 1319 1680 1410 Augusti
1712 1320 1861 1399 anni
1891 1317 2043 1399 314.
2089 1318 2258 1386 Reus
2286 1334 2352 1387 et

412 1456 805 1507 accusatores
836 1438 1129 1522 aderant,
1177 1452 1365 1526 atque
1395 1458 1643 1533 causam
1672 1458 1846 1502 suam
1899 1434 2343 1504 defendebant.

421 1560 508 1621 At
541 1580 696 1625 vero
725 1558 955 1623 iterum
987 1554 1328 1621 absolvitur
1358 1554 1749 1621 Caecilianus
1762 1600 1783 1636 ,
1816 1553 2167 1621 schismatis
2192 1576 2347 1621 vero

417 1674 793 1739 damnantur
822 1689 1132 1740 auctores.

511 1792 656 1857 Hoc
703 1774 894 1859 etiam
947 1790 1227 1858 concilio
1267 1812 1348 1855 22
1387 1812 1665 1856 canones
1703 1791 2029 1856 constituti
2062 1806 2240 1873 sunt,
2270 1812 2347 1856 ex

423 1909 649 1997 quibus
695 1907 824 1974 duo
884 1912 1156 1975 maxime
1218 1908 1587 1999 spectabant
1647 1907 2027 1974 Donatistas.
2127 1908 2351 1975 Altero

417 2028 585 2092 enim
604 2027 1120 2110 constituebatur,
1151 2047 1262 2093 eos
1286 2008 1648 2092 muneribus
1666 2026 1791 2091 suis
1816 2049 1951 2091 esse
1980 2025 2341 2115 privandos,

419 2166 578 2233 quos
605 2144 1022 2211 demonstrari
1049 2159 1302 2235 poterat
1332 2144 1603 2210 Codices
1626 2167 1839 2210 sacros
1853 2192 1873 2228 ‚
1908 2144 2011 2210 vel
2039 2144 2211 2211 bona
2232 2146 2350 2211 Ec-

419 2260 764 2331 clesiastica
797 2260 1158 2345 tradidisse3
1202 2262 1402 2327 altero
1435 2284 1605 2327 vero·
1634 2260 1845 2327 valere
1882 2260 2349 2329 ordinationem

419 2403 457 2444 a
478 2378 787 2445 traditore
813 2381 1079 2462 factam3
1125 2380 1282 2445 item
1311 2379 1695 2468 baptismum
1720 2380 1801 2445 ab
1829 2378 2061 2445 eodem
2090 2379 2351 2445 admini-

417 2510 680 2561 stratum
698 2544 718 2579 ‚
750 2495 950 2561 modo
977 2495 1180 2561 factus
1207 2495 1290 2559 sit
1321 2494 1581 2559 nomine
1617 2495 1820 2560 Patris
1834 2543 1853 2577 ,
1890 2494 2037 2559 Filii
2071 2511 2137 2561 et
2158 2496 2351 2587 Spiri-

423 2628 524 2676 tus
547 2611 790 2677 Sancti.

509 2727 814 2793 Nonnulli
851 2748 1002 2793 vero
1045 2728 1239 2816 partis
1284 2726 1584 2814 Majorini
1610 2728 1879 2793 asseclae
1893 2775 1912 2811 ,
1949 2730 2071 2794 hac
2096 2730 2353 2797 concilii

283 2846 292 2855 '
419 2847 729 2913 sententia
759 2844 1020 2911 minime
1049 2845 1332 2911 contenti
1349 2893 1369 2928 ,
1403 2862 1832 2935 provocarunt
1864 2844 1948 2911 ad
1976 2847 2165 2937 ipsius
2189 2849 2353 2915 Con-

415 2963 670 3029 stantini
716 2962 1048 3051 judicium.
1111 2963 1336 3029 Statim
1365 2963 1625 3053 quidem
1650 2963 1719 3029 id
1751 2967 2059 3031 recusavit
2079 2968 2353 3058 Impera-

413 3098 542 3167 tor,
597 3080 814 3148 dicens
830 3130 850 3165 ,
903 3080 1426 3170 acquiescendum
1470 3104 1601 3148 esse
1635 3083 1704 3147 in
1756 3081 2016 3149 decreto
2055 3086 2345 3177 concilii:
2434 3170 2446 3179 χ

415 3199 565 3265 dein
592 3215 805 3265 tamen
841 3221 1065 3265 eorum
1107 3195 1420 3265 desiderio
1446 3200 1766 3267 satisfecit.
1842 3202 2187 3291 Utramque
2211 3178 2351 3294 par-

414 3332 546 3382 tem
571 3338 738 3382 anno
776 3315 815 3380 3
828 3340 853 3381 1
866 3314 902 3383 5
936 3317 1210 3382 Romam
1244 3317 1562 3383 arcessivit
1575 3365 1594 3401 ,
1640 3334 1714 3383 ut
1748 3319 1883 3409 ipse
1904 3319 2099 3407 judex
2122 3344 2347 3387 eorum

416 3433 909 3499 controversiam
953 3432 1298 3501 dirimeret.
1385 3410 1517 3501 Sed
1543 3434 1649 3501 die
1674 3436 2011 3503 constituta
2034 3461 2168 3504 non
2205 3437 2347 3505 ade-
2430 3501 2437 3507 .

416 3566 518 3615 rat
562 3551 974 3619 Caecilianus.
1066 3552 1372 3618 Differtur
1394 3551 1707 3639 judicium
1720 3601 1740 3638 ,
1778 3576 1965 3647 aegre
1987 3554 2060 3621 id
2087 3557 2343 3624 ferenti-

413 3669 530 3733 bus
564 3668 930 3736 Donatistis.
999 3670 1084 3735 Hi
1109 3692 1263 3736 vero
1277 3718 1298 3754 ,
1333 3694 1483 3737 cum
1517 3671 1869 3761 Imperator
1899 3672 2090 3741 vellet
2106 3722 2127 3758 ,
2168 3690 2239 3741 ut
2279 3698 2349 3743 se

415 3782 847 3851 Mediolanum
892 3804 1328 3876 sequerentur,
1366 3788 1516 3879 fuga
1544 3812 1612 3854 se
1652 3790 2107 3858 subtraxerunt.
2172 3792 2346 3859 Non-

414 3903 570 3970 nulli
619 3906 794 3991 jussu
843 3906 1244 3995 Imperatoris
1293 3905 1828 3975 custodiebantur.
1903 3909 2344 3977 Constantinus

410 4045 559 4086 vero
599 4024 836 4089 certior
877 4023 1078 4089 factus
1092 4071 1110 4106 ,
1153 4046 1261 4089 eos
1275 4072 1295 4107 ,
1326 4025 1435 4113 qui
1466 4046 1533 4090 se
1563 4024 1748 4115 fugae
1778 4024 2115 4109 'dedet-ant,
2140 4050 2339 4092 novos
